2909 4800
1264 319 1275 328 ι

1316 432 1776 506 ,-.33...,

1379 619 1558 684 Artic.
1593 619 1682 691 43.

1182 708 1275 775 De
1299 720 1576 788 potestate
1609 705 1891 765 maritali.

640 820 951 884 Preterea
983 816 1313 901 quamdiu
1344 823 1534 900 pater
1567 813 1842 897 vixerit,
1886 821 1952 875 et
1983 831 2184 875 sanus
2230 809 2469 893 fuerit,
2513 818 2583 875 et

476 939 483 946 ·
514 919 928 1004 incolumis,
970 921 1205 984 omnia
1237 919 1422 982 bona
1458 938 1590 998 que
1624 915 1882 988 hahet
1862 937 1952 978 m
1972 915 2288 999 allodiis,
2323 909 2588 1000 feodis,

514 1035 581 1098 et
633 1026 787 1090 aliis
832 1026 1064 1104 rebus,
1130 1028 1349 1105 potest
1405 1023 1600 1100 dare,
1683 1021 1979 1081 vendere
2035 1028 2122 1080 et
2155 1022 2582 1108 expendere,

516 1123 1138 1208 ,quomodocunque
1176 1131 1239 1184 et
1273 1121 1658 1202 cuicunque
1702 1119 2029 1200 voluerit,
2087 1128 2150 1181 et
2193 1122 2425 1204 pueris
2471 1143 2585 1182 ιιι-.-

515 1231 704 1310 vitis,
761 1237 826 1290 et
868 1247 1077 1290 uxore
1123 1225 1432 1300 nolente3
1498 1224 1619 1284 sed
1675 1223 1926 1284 mulier
1983 1225 2115 1284 hoc
2171 1222 2388 1286 facere
2433 1243 2583 1296 non

516 1340 754 1417 potest.
808 1333 989 1390 Cum
1022 1335 1246 1388 autem
1273 1326 1523 1385 lectum
1550 1323 1958 1407 egritudinis
1995 1323 2352 1406 inciderit,
2395 1323 2582 1387 nihil
2615 1411 2630 1420 —

516 1440 735 1520 potest
770 1437 929 1494 dare
964 1448 1092 1512 pro
1129 1426 1357 1487 anima
1394 1445 1514 1490 sua
1547 1426 1655 1498 vel
1690 1424 2086 1509 parentibus
2121 1435 2186 1489 et
2218 1427 2401 1489 nulli
2435 1447 2584 1488 om-

519 1537 727 1617 nino,
784 1537 869 1596 de
917 1528 1237 1595 omnihus
1282 1528 1488 1591 bonis
1532 1525 1716 1608 suiS,
1759 1527 1907 1594 sine
1942 1528 2285 1592 voluntate
2327 1529 2584 1611 uxoris,
2621 1589 2626 1594 ,

516 1637 659 1704 nisi
695 1642 952 1711 tantum
995 1634 1075 1702 V,
1116 1629 1398 1698 solidos.
1479 1683 1486 1690 ,

1390 1781 1567 1842 Artic.
1604 1781 1692 1852 44.

1037 1868 1130 1929 De
1154 1879 1430 1946 potestate
1462 1889 1532 1926 ac
1566 1866 1746 1936 tutela
1778 1881 2054 1926 materna.
2272 1932 2281 1942 ,

650 1978 843 2048 Idem
870 1975 983 2053 jus
1019 1951 1253 2050 damus
1288 1977 1590 2038 mulieri.
1644 1975 1717 2038 Si
1761 1955 1944 2038 civis*
1972 1971 2588 2056 aliquis,'⁸moritur,

524 2087 591 2150 et
623 2079 823 2143 uxori
848 2099 966 2143 sue
1001 2081 1209 2144 multa
1241 2081 1424 2141 bona
1460 2079 1848 2160 reliquerit,
1889 2077 2366 2161 potestpmnia
2401 2079 2588 2140 bona

522 2201 644 2243 sua
676 2185 837 2244 dare
872 2202 948 2245 ac
980 2185 1306 2264 vendere,
1350 2181 1735 2262 cuicunque
1771 2181 2098 2262 voluerit,
2140 2187 2366 2262 preter
2408 2179 2588 2240 allo-.
2661 2208 2673 2218 ·

522 2284 671 2365 dia,
715 2285 920 2348 etiam
956 2293 1189 2348 contra
1221 2285 1637 2361 voluntalem
1683 2303 2078 2366 puerorum.
2133 2285 2213 2343 Et
2256 2281 2584 2362 quamdiu

522 2386 672 2451 sine
716 2387 869 2452 viro
918 2387 1151 2469 fuerit,
1218 2394 1283 2448 et
1324 2369 1584 2469 pueros
1629 2385 1925 2447 voluerit
1960 2384 2254 2465 nutrire,
2309 2381 2368 2443 si
2402 2381 2588 2444 nihil

522 2492 756 2569 habet,
794 2470 1025 2571 preter
1060 2486 1349 2566 allodia,
1395 2495 1460 2547 et
1491 2488 1784 2568 probare
1818 2486 2117 2568 potuerit
2140 2490 2272 2549 hoc
2308 2486 2588 2559 testibus

526 2600 591 2663 et
616 2590 1048 2667 juramento3
1107 2588 1307 2650 etiam
1344 2586 1603 2661 allodia
1651 2587 1824 2649 farne
1869 2598 2147 2671 urgente
2189 2590 2439 2672 partim
2476 2610 2591 2651 ex—

523 2694 825 2773 pendere
859 2698 1078 2774 potest
1100 2698 1173 2781 et·
1198 2690 1540 2774 obligare,
1580 2712 1794 2772 usque
1828 2680 1914 2755 a'd
1948 2710 2277 2753 summam
2312 2694 2390 2754 V.
2424 2691 2593 2753 soli-

528 2797 816 2873 dorum:
872 2801 937 2856 et
979 2797 1113 2857 hoc
1155 2814 1453 2881 semper,
1499 2814 1714 2877 usque
1761 2797 1924 2856 dum
1970 2796 2125 2884 plus
2169 2798 2394 2858 valere
2442 2816 2588 2857 non

525 2897 809 2980 possint.
872 2899 951 2957 Et
980 2897 1371 2978 quicunque
1406 2919 1483 2960 ea
1520 2898 1741 2985 taliter
1775 2898 2046 2980 emerit,
2090 2899 2195 2960 vel
2228 2898 2593 2982 ‚impigno-

525 3000 804 3082 raverit,
847 3001 971 3061 suh
1018 3002 1206 3062 hono
1254 3000 1644 3062 testimonio
1689 3004 1867 3063 bene
1905 3009 2107 3063 tectus
2155 3008 2252 3062 est
2295 3008 2358 3061 et
2402 3020 2592 3061 secu-.

528 3122 665 3165 τηε.
747 3101 818 3163 Si
860 3119 1022 3163 vero
1069 3102 1476 3164 contraxerit
1521 3123 1675 3164 cum
1721 3103 1995 3186 aliquo,
2038 3103 2326 3164 mobilia
2368 3109 2589 3186 potest

528 3206 642 3266 illi
676 3208 867 3286 dare,
911 3212 978 3266 et
1010 3207 1095 3265 de
1140 3204 1417 3266 allodiis
1443 3204 1626 3265 nihil
1655 3204 1871 3269 facere
1905 3212 2135 3288 preter
2172 3205 2591 3266 voluntatem

528 3325 932 3392 puerorum,
966 3315 1277 3390 excepto,
1314 3309 1502 3388 quod
1527 3309 1809 3368 domum
1847 3327 2037 3369 suam
2065 3308 2266 3371 debet
2287 3310 2374 3369 ad
2399 3326 2590 3377 suam

524 3409 733 3481 vitam
774 3408 1146 3506 possidere.
1851 3394 1854 3401 ¹

1386 3577 1561 3637 Artic.
1598 3577 1687 3655 45.

1140 3659 1246 3719 -De
1260 3662 1398 3742 jure
1430 3663 1635 3721 matris
1679 3662 1740 3721 in
1781 3662 1964 3726 domo.

540 3839 548 3846 ἱ
663 3773 866 3855 Quod
898 3771 958 3834 si
993 3770 1301 3833 filiorum
1334 3770 2057 3857 aliquiscontraxerit,
2100 3781 2319 3859 potest
2350 3770 2425 3835 in
2460 3776 2585 3836 do÷

530 3895 717 3946 mum
762 3876 991 3937 matris
1035 3876 1319 3955 intrare,
1364 3882 1429 3937 et
1471 3874 1732 3937 ibidem
1767 3877 1966 3938 matri
2010 3880 2396 3942 cohabitare
2433 3877 2584 3951 sine

533 3978 833 4060 dainpno
866 3986 1085 4039 tamen
1112 3976 1375 4055 matris3
1419 3980 1620 4040 debet
1652 3987 1871 4041 tamen
1908 3981 2107 4046 matri
2135 3984 2314 4065 apud
2350 3981 2584 4063 ignem

516 4087 597 4151 -et
628 4079 794 4142 alias
828 4080 902 4141 in
927 4082 1134 4142 domo
1166 4079 1394 4142 locum
1430 4080 1821 4161 relinquere
1854 4075 2217 4166 potior'em.
2280 4085 2429 4145 Hoc
2469 4102 2590 4143 ειη-ῳ

532 4190 673 4259 {exn
698 4180 843 4257 filia
874 4180 1093 4247 facere
1136 4204 1280 4249 non
1316 4182 1544 4261 debe13
1590 4168 1714 4247 nec
1741 4185 1942 4260 etiam
1987 4185 2170 4259 filius
2193 4229 2213 4268 ,
2255 4186 2316 4262 si
2357 4206 2482 4268 per
2515 4202 2585 4246 se
