2909 4800
1395 391 1859 465 ...M-.-

601 584 929 669 impensis
956 591 1179 649 tamen
1209 581 1447 663 judici·
1473 587 1666 669 prius
1707 585 1924 648 tribus
1949 582 2173 648 libris.
2253 582 2433 642 Reus
2473 598 2680 662 vern,

600 691 1150 770 quandocunque
1180 689 1273 752 ’in
1332 689 1671 752 civitatem
1710 707 2014 752 reversus
2058 673 2266 750 fuerit
2319 692 2555 767 postea
2607 687 2680 747 et

600 787 1093 875 deprehensus,
1166 794 1453 855 eandem
1508 809 1755 876 penam
1806 791 2159 873 sustineat,
2223 806 2306 850 ae
2345 785 2408 850 si
2447 786 2682 870 prima

603 893 718 956 die
761 892 996 957 fuisset
1036 897 1589 977 comprehensus.

1482 1067 1658 1136 Artie.
1693 1082 1784 1140 29.

1137 1160 1229 1222 De
1262 1161 1619 1222 exhibitione
1650 1160 1738 1221 rei
1769 1156 2116 1237 deprehensi.

722 1259 966 1332 Nullus
992 1271 1219 1331 {amen
1257 1271 1459 1331 debet
1496 1268 1803 1356 aliquem
1845 1267 1995 1329 sine
2039 1263 2373 1329 sententia
2414 1285 2680 1348 capere,

604 1371 745 1435 nisi
772 1375 955 1456 apud
983 1384 1188 1451 quem
1214 1369 1473 1432 furtum
1510 1377 1626 1431 aut
1649 1370 1819 1431 falsa
1845 1378 2119 1433 moneta
2145 1369 2420 1432 inventa
2447 1369 2681 1459 fuerit,

596 1483 713 1536 aut
738 1474 1193 1537 homicidium
1222 1475 1297 1537 in
1341 1475 1608 1538 civitate
1653 1475 1856 1538 fuerit
1891 1483 2373 1558 perpetratum.
2429 1479 2511 1536 Et
2546 1478 2681 1538 hos

600 1583 733 1636 tres
780 1574 1075 1654 quilibet
1099 1576 1455 1662 burgensis
1501 1569 1739 1661 eapere
1765 1585 1984 1661 potest
2016 1585 2079 1639 et
2096 1575 2368 1654 judicio
2392 1597 2677 1663 presen-

600 1684 777 1759 tare,
819 1685 893 1738 ut
917 1680 1003 1741 de
1027 1677 1193 1763 ipsis
1209 1717 1230 1760 ,
1253 1682 1632 1742 secundum
1662 1680 1847 1761 quod
1876 1680 2285 1761 meruerint,
2305 1678 2680 1757 judicetur.

1047 1926 1054 1931 .
1483 1865 1660 1926 Artie.
1693 1867 1783 1926 30.

1058 1948 1152 2009 De
1183 1951 1441 2012 libertate
1475 1950 1788 2012 accusandi
1817 1949 2188 2009 homicidam.

660 2113 671 2120 .
732 2051 1044 2139 Quilibet
1084 2061 1286 2123 etiam
1323 2059 1685 2146 burgensis
1717 2067 1936 2142 potest
1979 2055 2485 2139 querimoniam
2519 2035 2682 2120 ino-

570 2175 757 2224 ‘vere
799 2173 1005 2243 super
1039 2181 1233 2244 eum,
1291 2163 1413 2243 qui
1446 2165 1856 2246 burgensem
1906 2159 2160 2222 occidit
2196 2157 2377 2223 intra
2409 2161 2679 2243 urbem,

604 2269 670 2324 et
701 2270 983 2346 propter
1002 2263 1492 2342 homicidium3
1536 2263 1596 2325 si
1626 2281 1871 2346 negare
1894 2259 2221 2343 voluerit,
2258 2269 2476 2345 potest
2517 2279 2681 2324 cum

602 2362 753 2447 ipso
810 2363 991 2428 inire
1029 2365 1374 2447 duellum,
1440 2364 1707 2429 etiamsi
1756 2363 2016 2429 occisus
2068 2381 2214 2426 non
2259 2360 2466 2427 fuerit
2512 2381 2685 2425 cona

594 2466 1008 2549 sanguineus
1041 2466 1282 2547 ipsius.

1477 2619 1655 2690 Artic.
1690 2623 1778 2691 31⁴
1864 2675 1880 2689 .

768 2715 859 2776 De
889 2708 1281 2776 vulneratione
1313 2729 1618 2787 nocturna,
1659 2728 1713 2775 et
1738 2716 2072 2794 probatione
2097 2737 2202 2793 per
2229 2709 2502 2774 duellum.

686 2812 1096 2905 Quicunque
1140 2823 1217 2886 in
1258 2824 1524 2888 civitate
1559 2823 1862 2905 aliquem
1891 2831 2087 2885 nocte
2123 2832 2374 2887 temere
2411 2822 2681 2887 invase-

599 2921 692 2983 fit
719 2932 783 2985 et
804 2924 1295 3005 vulneraverit,
1336 2946 1490 2989 reus
1525 2946 1805 2988 manum
1852 2924 2101 2986 amisit.
2174 2925 2248 2986 Si
2285 2932 2511 2991 autem
2553 2945 2682 2989 ne—

599 3042 757 3106 gare
807 3024 1136 3105 voluerit,
1180 3034 1245 3087 et
1288 3026 1468 3088 lesus
1520 3041 1666 3089 non
1719 3034 1940 3111 potest
1983 3021 2158 3089 eum'
2189 3028 2678 3109 comprobare,

596 3121 1005 3211 siyoluerit,
1046 3115 1282 3210 potest*
1298 3146 1636 3191 assumere
1672 3149 1828 3190 cum
1874 3128 2025 3211 ipso
2064 3127 2395 3191 duellum.

1479 3282 1653 3369 Artie.
1686 3309 1774 3373 32.
2010 3374 2016 3383 ,

1199 3383 1311 3455 {De
1335 3414 1510 3475 poeaa
1539 3387 1684 3460 victi
1716 3393 1778 3459 ln
1812 3390 2026 3462 duellos
2263 3481 2270 3492 „

686 3504 835 3567 Hoc
876 3508 979 3568 'est
1005 3503 1117 3581 jus
1153 3494 1397 3569 duelli.
1453 3508 1862 3591 Quicunque
1899 3512 2201 3593 aliquem
2237 3528 2365 3594 pro
2403 3505 2674 3569 inflicto

599 3595 883 3669 uulnere
908 3606 1309 3690 impetierit,
1336 3609 1396 3670 si
1421 3630 1575 3672 reus
1599 3611 1813 3676 victus
1840 3613 2076 3695 fuerit,
2119 3632 2397 3675 manum
2418 3607 2678 3671 amisit.

504 3760 511 3764 .
599 3707 670 3769 Si
705 3716 926 3771 au‘tem
968 3710 1063 3789 is,
1120 3707 1243 3789 qui
1292 3730 1447 3771 eum
1490 3704 1797 3796 impetit,
1851 3714 2066 3777 victus
2103 3714 2341 3791 fuerit,
2395 3710 2677 3795 singula

600 3828 816 3889 arma,
875 3832 1006 3889 que
1056 3831 1262 3895 super
1302 3830 1373 3874 se
1420 3815 1771 3895 habuerit,
1835 3814 2125 3879 redimet
2180 3816 2398 3882 tribus
2443 3814 2673 3876 libris,

607 3909 741 3990 Qui
775 3932 936 3975 vero
969 3933 1096 3995 pro
1120 3896 1501 3993 homicidio
1534 3925 1916 4001 perpetrato
1949 3918 2250 3999 aliquem
2275 3916 2672 4005 impetierit,
2737 3904 2748 3911 ’

606 4010 666 4073 si
716 4033 869 4075 reus
915 4015 1125 4077 victus
1183 4016 1419 4099 fuerit,
1477 4030 1674 4103 caput
1708 4020 1955 4096 amisit.
2019 4021 2091 4083 Si
2134 4028 2356 4083 autem
2403 4020 2494 4091 is,
2541 4019 2669 4099 qui

610 4111 904 4197 impetit,
946 4116 1270 4198 vincitur,
1313 4140 1592 4184 manum
1626 4119 1872 4184 amisit.
