2909 4800
541 575 876 660 'ipsorum
919 571 1027 635 vel
1064 567 1267 635 etiam
1298 574 1385 635 ab
1412 571 1572 640 aliis
1607 569 2152 652 quibuscumque
2173 571 2262 632 de
2296 585 2646 638 consensu

566 679 677 744 vel
730 677 1048 740 mandato
1100 675 1411 759 ipsorum
1465 672 1832 758 eontigerit
1871 673 2164 754 ‚aliquid
2219 673 2649 756 attemptari,

558 773 947 848 Heinricus
960 771 1186 838 dictus
1197 771 1522 839 Ko'chilin
1545 771 1744 841 miles
1760 782 1830 836 et
1847 775 1927 837 V
1921 770 2180 838 olricus
2195 771 2422 841 dictus
2435 772 2652 840 Rint-

558 872 1135 965 qudeFributg‚
1166 877 1228 940 si
1266 878 1432 942 dicti
1463 877 1702 941 fratres
1725 878 1910 941 dicto
1937 871 2360 950 Ridet-man,
2403 873 2676 942 Hein-.

559 976 713 1047 rico
756 980 842 1042 de
882 975 1191 1066 Biengen
1236 991 1301 1044 et
1350 982 1464 1042 W
1452 977 1745 1048 ciziloni.
1793 981 1880 1047 de
1933 980 2138 1050 Sulze
2181 987 2250 1046 et
2289 973 2497 1040 diet&
2545 977 2648 1040 de

572 1077 1015 1174 Valkinsteigt
1052 1091 1123 1144 et
1152 1080 1596 1148 Cholmanno
1631 1084 1970 1162 militibus
1999 1085 2319 1146 ducentas
2355 1100 2644 1162 marcaS,

560 1203 725 1268 quas
764 1186 934 1268 ipsis
974 1185 1263 1250 nomine
1298 1208 1477 1270 pene
1515 1179 1986 1272 promiserunt
2014 1207 2159 1250 non
2208 1185 2640 1268 persolvent,

474 1361 489 1366 ,
556 1309 631 1354 se
662 1290 740 1352 in
770 1291 1153 1373 obstagium
1182 1311 1375 1354 more
1402 1287 1610 1355 solito
1635 1291 2013 1356 obsidum
1991 1312 2064 1353 m
2105 1310 2318 1353 novo
2363 1297 2636 1352 castro

556 1393 911 1477 Friburg
946 1391 1211 1454 tamdiu
1240 1401 1614 1510 reponent,
1655 1395 1876 1457 donec
1907 1393 2017 1456 vel
2060 1381 2355 1475 predicti
2389 1391 2636 1486 fratres

554 1498 877 1560 ducentas
909 1513 1165 1557 marcas
1192 1494 1355 1558 vel'
1334 1496 1504 1579 ipsis
1531 1495 2030 1612 prenominatis
2053 1496 2474 1578 persolvent,
2513 1495 2635 1556 vel
2751 1571 2765 1589 x

554 1600 777 1662 donec
817 1597 1267 1671 instrumenta
1302 1617 1435 1678 que
1471 1596 1716 1658 arbitri
1737 1596 1925 1681 ipsis
1969 1615 2008 1657 a
2041 1596 2368 1679 predictis
2401 1595 2632 1662 fratri-

548 1703 677 1764 bus
714 1701 867 1762 dari
902 1701 1185 1785 facient,
1229 1700 1399 1785 ipsis
1435 1700 1711 1785 plenius
1747 1701 2220 1785 assignabunt,
2257 1707 2328 1762 et
2367 1701 2455 1760 ad
2497 1699 2628 1762 hec

551 1804 875 1868 similiter
914 1823 985 1886 s‘e
1018 1799 1199 1885 'ipsis
1240 1804 1365 1865 sub
1402 1801 1682 1864 datione
1705 1800 1873 1865 fidei
1907 1801 2386 1865 astrinxerunt.
2441 1801 2628 1863 Ran-

552 1926 784 1970 corem
828 1903 1032 1968 etiam
1068 1925 1345 1968 omnem
1380 1905 1738 1967 occasione
1772 1905 2030 1988 prefate
2077 1904 2424 1968 discordie
2455 1902 2626 1966 hine

550 2009 720 2072 inde
744 2010 839 2082 ab,
860 2006 1207 2087 aliquibus
1230 2007 1341 2068 vel
1368 2006 1765 2088 aliqualiter
1789 1989 2178 2070 suscitatum
2207 2015 2426 2090 partes
2465 2025 2625 2068 cum

548 2111 691 2172 suis
712 2110 1093 2174 fautoribus
1115 2109 1558 2188 remiserunt,
1602 2110 1924 2191 utrinque
1953 2111 2138 2174 bona
2165 2109 2302 2173 fide
2333 2109 2626 2194 promit-

548 2205 763 2278 tentes
778 2256 798 2294 ‚
822 2213 1007 2294 quod
1029 2210 1090 2273 si
1093 2211 1464 2304 negotium
1481 2211 1885 2274 terminetur
1910 2212 2130 2275 nichil
2154 2231 2472 2292 umquam
2505 2232 2625 2274 oc-

534 2316 819 2380 —easione
862 2290 1257 2392 hujusmodi
1302 2313 1437 2376 sibi
1476 2313 1644 2376 mali
1687 2313 1981 2377 invicem
2027 2316 2624 2378 machinabantur.

542 2422 615 2487 Si
658 2430 883 2483 autem
928 2439 1075 2481 non
1127 2416 1608 2479 terminabitur
1667 2425 1824 2477 tunc
1885 2436 2098 2498 usque
2141 2422 2226 2481 ad
2281 2418 2622 2503 prefatum

534 2514 785 2592 'festum
818 2516 1315 2602 purificationis
1346 2516 1677 2597 nequexin
1713 2518 2026 2600 personis
2053 2529 2280 2600 neque
2305 2518 2380 2581 in
2415 2520 2622 2582 rebus

550 2624 919 2703 quicquam
963 2618 1135 2681 mali·
1170 2612 1567 2701 presument
1601 2618 1738 2681 sibi
1781 2621 2174 2704 aliqualiter
2215 2623 2620 2686 machinari.

546 2725 637 2785 Ut
674 2730 897 2785 autem
930 2722 1110 2785 circa
1152 2723 1278 2784 hec
1308 2742 1459 2785 non
1491 2723 1708 2805 possit
1732 2724 1964 2806 aliqua
1998 2726 2388 2809 calumpnia
2409 2728 2622 2788 subo-

546 2825 710 2906 riri,
750 2834 972 2907 partes
1008 2823 1333 2905 utrinque
1382 2824 1944 2911 renuntiaverunt
1987 2827 2182 2889 omni
2215 2827 2624 2913 allegationi

548 2926 969 3008 exceptioni,
996 2925 1416 3007 defensioni,
1461 2926 1535 2988 in
1553 2928 1892 3011 integ-rum
1917 2929 2328 2991 restitutioni
2339 2966 2378 3010 ,·
2396 2930 2620 2993 literis
2731 2962 2742 2967 ·

552 3026 923 3109 impetratis
970 3034 1035 3089 et
1084 3026 1564 3110 impetrandis,
1609 3038 1674 3091 et
1714 3020 1907 3091 omni
1953 3030 2126 3114 legis
2171 3032 2278 3093 vel
2329 3032 2616 3095 canonis

440 3214 451 3221 ,
547 3127 839 3210 auxilio,
870 3148 996 3212 per
1024 3132 1211 3209 quod
1240 3128 1383 3192 sive
1406 3150 1488 3192 ex
1509 3130 1823 3212 personis
1851 3132 2263 3211 arbitrorum
2290 3134 2400 3196 vel
2429 3154 2616 3198 com·-

538 3229 1127 3315 promittentium,
1147 3233 1255 3294 vel
1280 3254 1506 3295 rerum
1529 3254 1736 3316 super
1765 3236 2012 3316 quibus
2039 3238 2618 3321 compromittitur

481 3329 491 3335 “
542 3329 879 3419 prefatum
915 3333 1277 3396 arbitrium
1299 3333 1626 3417 impediri
1647 3333 1870 3427 posset
1901 3338 2008 3399 vel
2036 3338 2236 3428 etiam
2261 3342 2616 3406 retardari.

545 3436 635 3521 In
665 3437 915 3496 horum
967 3435 1169 3497 etiam
1216 3436 1534 3502 omniuin
1567 3432 1840 3499 firmum
1885 3436 2098 3503 rob'ur
2126 3462 2216 3504 ac
2265 3444 2615 3507 indubita-

546 3531 688 3599 tum
730 3539 1192 3602 testimonium
1240 3558 1520 3622 presens
1565 3541 1762 3605 litera
1811 3545 2115 3629 magistri
2161 3558 2225 3608 et
2263 3568 2611 3611 commen-

544 3641 799 3704 datoris
834 3644 1294 3725 predictorum
1332 3643 1618 3707 fratrum
1650 3637 1774 3729 per
1792 3647 2110 3711 Alsatiam
2139 3653 2625 3739 Burgundiam'

545 3752 610 3805 et
630 3744 1093 3832 Brisgaudiam
1108 3790 1129 3828 ,
1160 3757 1225 3810 et
1242 3750 1572 3812 Gardiani
1596 3752 1878 3813 fratrum
1893 3754 2238 3817 minorum
2254 3799 2274 3838 ⁷
2311 3776 2436 3817 nec
2460 3776 2609 3820 non

544 3851 611 3906 et
637 3846 1006 3911 Consulum
1030 3849 1333 3913 Civitatis
1374 3852 1449 3914 in
1481 3854 1672 3917 Frib
1688 3874 1836 3939 urg
1861 3856 2110 3942 sigillis
2150 3852 2366 3920 extitit
2401 3860 2612 3923 robo-

422 4004 433 4009 -
542 3954 703 4009 rata.
784 3951 938 4011 Nos¹
972 3950 1253 4017 Walter
1282 3952 1509 4021 dictus
1539 3960 1628 4021 de
1677 3961 1756 4022 V
1749 3950 2114 4024 ‘albinstein
2125 4004 2152 4033 ,
2203 3956 2613 4026 Cotem-adua

538 4044 765 4111 dietus
811 4049 1149 4120 Cholmar‘z
1179 4053 1457 4135 milites,
1515 4062 1618 4121 W
1615 4063 1874 4125 altem
1909 4060 2136 4128 dictus
2171 4062 2558 4129 Ridet-man
2580 4126 2607 4156 ,
