2909 4800
494 572 678 656 tatis,
721 573 1084 638 ethonore
1119 568 1401 653 imperii
1442 571 1910 634 conservando
1949 575 2016 635 et
2054 571 2564 654 augmentando
2659 565 2669 574 “

492 674 839 759 rescriptis
876 678 945 736 et
984 671 1338 735 rodalibus
1386 671 1626 735 vestris
1683 669 2038 758 communi
2085 679 2151 736 et
2185 693 2356 738 sano
2397 695 2566 738 con-

490 777 655 844 silio
686 774 1118 842 decreveritis
1144 777 1589 858 apponenda,
1629 773 1826 837 vobis
1866 781 1931 837 et
1958 761 2218 840 cunctis
2257 776 2552 860 posteris

491 879 728 945 vestris
752 874 1145 943 auctoritate
1180 878 1371 962 regia
1403 875 1845 942 concedimus
1882 883 1948 940 et
1972 875 2478 944 confirmamus.

1334 1044 1720 1106 Testes.
1793 1077 1802 1088 ›

617 1155 1052 1220 Presentibus
1099 1163 1162 1220 et
1205 1157 1667 1220 annuentibus
1715 1179 1971 1222 corone
2025 1165 2256 1222 nostre
2303 1155 2570 1241 princi-

489 1256 727 1340 pibus3
770 1260 1095 1322 videlicet
1144 1257 1568 1338 Chupnrado
1599 1257 1666 1322 J.
1705 1255 1852 1322 Dei
1875 1256 2114 1346 gratia
2153 1256 2462 1324 Metensi
2503 1267 2580 1322 et

488 1355 805 1443 Spirensi
854 1357 1234 1443 Episcopo,
1270 1356 1702 1424 cancellario
1769 1363 2012 1424 nastm
2057 1406 2077 1424 .
2113 1405 2132 1424 .
2170 1406 2189 1424 .
2225 1405 2247 1424 .
2313 1362 2565 1425 eadem

482 1458 721 1548 gratia
758 1458 1318 1549 Babenbergensi
1357 1458 1713 1546 Episcopo
1720 1507 1750 1536 ‚
1794 1459 2149 1528 Ludovico
2197 1464 2283 1526 de
2321 1458 2568 1527 Oecin-

483 1583 659 1650 gen,
709 1555 1034 1646 Goffrido
1070 1564 1157 1626 de
1186 1565 1279 1626 H
1274 1567 1591 1631 ohenlow
1596 1609 1626 1640 ‚
1681 1561 2025 1630 Anselmo
2069 1567 2158 1630 de
2185 1561 2572 1652 Justingen

491 1659 905 1726 consiliario
944 1662 1133 1729 curie
1166 1674 1433 1739 nostre,
1481 1663 1830 1754 Magistro
1878 1667 2255 1732 Cuonrado
2301 1670 2386 1732 de
2437 1669 2515 1732 U
2509 1674 2568 1732 l-

490 1789 613 1830 ma
645 1762 929 1830 notario
965 1775 1245 1841 nostro,
1288 1769 1695 1832 Eberhardo
1718 1770 1805 1832 de
1837 1768 1986 1834 W
1955 1779 2372 1834 mter-stetten
2398 1767 2611 1854 pin-o,

493 1889 743 1942 cerna,
808 1857 1185 1933 Cuonrado
1251 1871 1339 1932 de
1404 1873 1516 1932 W
1507 1872 1795 1954 alpurch
1849 1865 2176 1958 dapffem
2227 1915 2566 1935 ......

489 1973 581 2036 de
631 1968 1065 2058 Papenheim
1142 1976 1588 2036 marascalco
1643 1978 1930 2046 nostre,
2014 1983 2080 2037 et
2135 1967 2293 2036 aliis
2353 1991 2562 2054 quam
2597 1986 2610 1992 ·

415 2083 419 2088 ’
490 2077 726 2139 multis
772 2074 1208 2161 principibus
1258 2082 1323 2138 et
1368 2073 1690 2138 fidelibus
1730 2068 1983 2140 nostris
2027 2061 2464 2139 laudantibus
2501 2081 2570 2137 et
2643 2072 2648 2080 '

490 2200 839 2248 assensum
870 2176 1317 2266 prebentibus
1352 2178 1715 2242 universis.

1145 2346 1193 2407 S
1193 2344 1592 2424 ubscrzptzoms
1619 2345 1987 2424 formula.

618 2462 709 2521 Ut
745 2466 971 2520 autem
1016 2458 1143 2518 hec
1191 2474 1230 2515 a
1269 2454 1559 2537 posteris
1597 2454 1848 2517 nostris
1887 2463 2030 2517 rata
2067 2464 2132 2518 et
2170 2452 2369 2516 firma
2403 2473 2564 2537 per-

490 2566 844 2639 maneant,
888 2564 953 2620 et
977 2544 1054 2619 in
1081 2563 1486 2639 perpetuum
1518 2554 1817 2636 illibata,
1841 2576 2120 2639 presens
2144 2556 2561 2621 instrumen-

490 2673 636 2725 tum
678 2661 875 2725 vobis
906 2666 972 2723 et
991 2657 1281 2742 posteris
1317 2656 1556 2719 vestris
1585 2658 1930 2719 conscribi
1966 2666 2032 2721 et
2069 2658 2222 2721 dari
2251 2648 2564 2737 fecimus,

489 2773 559 2841 et
592 2764 828 2849 sigillo
874 2744 1084 2825 aureo
1124 2768 1353 2823 nostre
1400 2759 1590 2843 regie
1637 2758 2066 2831 celsitudinis
2119 2758 2563 2822 com'muniri.
2584 2797 2592 2803 -

491 2868 741 2929 Datum
788 2871 971 2950 apud
1013 2866 1576 2949 Fragikenfurt
1625 2886 1810 2929 anno
1851 2866 2066 2980 gratie
2110 2866 2569 2947 MCCXV111.‚
2575 2892 2582 2896 ·

491 2962 782 3052 septimo
816 2967 1089 3032 decimo
1127 2967 1390 3030 calend
1434 2966 1631 3050 maji,
1673 2976 1854 3031 sexte
1892 2950 2325 3030 indictionis.

1223 3099 1511 3185 Signum
1555 3100 1845 3163 Domini
1885 3096 2238 3165 Friderici
2275 3073 2579 3165 secundi

1349 3204 1821 3267 Romanorum
1877 3204 2084 3287 Regis
2140 3204 2427 3291 Augusti
2499 3212 2570 3269 et
2639 3221 2647 3226 ·

1347 3304 1638 3396 gloriosi
1682 3304 1886 3401 Regis
1929 3304 2190 3377 Sicilie.
