2909 4800
1147 398 1428 471 2-27
1502 436 1619 465 -..-.

334 594 490 672 jure
540 596 630 656 ad
675 592 898 678 ipsum
949 592 1334 677 pertinente
1383 591 1735 659 inmostro
1778 600 1844 656 et
1886 590 2163 678 imperii
2209 605 2393 661 tene·

339 696 566 758 bimus
604 698 959 778 dominio,
1002 706 1070 759 et
1095 717 1256 760 eum
1277 706 1697 776 nunquam
1706 716 1857 763 nee
1865 710 1985 763 vos
2014 696 2395 782 feodaliter,

334 786 771 883 venditione,
827 798 1364 883 permutatione,
1435 799 1547 871 vel
1606 798 1767 889 alio
1796 803 2007 891 modo
2060 800 2392 883 alienabi-

240 959 250 974 ,
334 923 519 983 muS,
562 922 688 967 nec
734 904 1202 968 subtrahemus
1255 920 1296 966 a
1359 908 1589 965 nostra
1609 901 1765 973 vel
1792 901 2073 993 ilnperii
2108 903 2423 999 eraui,³

333 1013 678 1088 potestate.

1165 1184 1403 1247 Artic.
1439 1188 1493 1248 3.

614 1293 768 1353 De
722 1318 860 1379 Jure
872 1292 1135 1375 feodali,
1191 1304 1457 1361 monetoe,
1496 1282 1659 1367 fori,
1715 1288 2120 1347 nundinarum.

465 1424 593 1485 Sed
639 1423 712 1485 in
755 1422 970 1484 fundo
1033 1427 1099 1483 et
1146 1378 1408 1483 allodio
1453 1386 1745 1506 imperii
1775 1381 2090 1481 volumus
2141 1428 2259 1475 vos
2292 1383 2425 1475 HJ

217 1571 221 1575 -
334 1525 498 1585 bere
538 1530 604 1585 et
636 1523 786 1586 sine
823 1519 1169 1585 exactione
1210 1518 1549 1597 residere,
1592 1524 1659 1578 et
1702 1513 1905 1576 etiam
1926 1512 2084 1590 jure
2116 1498 2395 1593 feodalij

333 1632 651 1705 tanquam
674 1624 846 1688 alios
866 1622 1103 1686 fideles
1131 1630 1199 1686 et
1220 1616 1739 1687 ministeriales
1718 1615 1997 1699 imperii
2016 1657 2037 1696 ‚
2072 1618 2393 1700 gaudere,

331 1734 399 1789 et
436 1735 778 1789 monetam
815 1728 1034 1793 libere
1079 1726 1367 1806 habere,
1421 1731 1490 1787 et
1524 1719 1901 1807 nundinat,
1918 1718 2059 1783 XV.
2100 1719 2395 1801 dierum,

329 1829 648 1895 videlicet
677 1830 754 1893 in'
787 1831 958 1895 festo
997 1829 1212 1893 sancti
1251 1826 1537 1911 Georgii
1556 1869 1577 1909 ,
1596 1834 1686 1891 -et
1714 1832 1876 1909 post
1908 1824 2095 1887 VIII.
2126 1821 2413 1903 diebu&-

324 1941 398 1993 et
435 1934 510 1997 in
544 1933 713 2016 festo
753 1934 1148 2016 Michaelis,
1191 1940 1258 1997 et
1291 1940 1444 2017 post
1478 1931 1661 1995 V111.
1704 1929 1968 1995 diebus.
2350 1970 2360 1977 .

1217 2135 1397 2195 Anio.
1437 2134 1519 2205 4.-
1770 2166 1773 2175 -
1810 2106 1817 2117 ’

1131 2237 1224 2297 De
1267 2228 1559 2299 coriductu.

458 2363 795 2430 Omnibus
817 2364 1341 2431 advenientibus
1379 2372 1685 2448 tempore
1706 2360 1969 2448 publici
2002 2362 2137 2426 fori
2168 2360 2385 2428 thein-

329 2487 538 2530 neum
577 2471 934 2551 condono,
977 2477 1044 2531 et
1082 2487 1318 2552 pacem
1357 2475 1424 2529 et
1455 2465 1885 2566 secu-ritatem
1912 2465 2136 2527 rebus
2148 2472 2216 2526 et-
2244 2485 2429 2528 eor-1»
2496 2449 2501 2463 ’

325 2571 612 2655 poribus
673 2573 1014 2654 ipsorum,
1075 2580 1210 2632 tam
1268 2569 1649 2650 veniendo,
1700 2553 1915 2650 quain
1970 2547 2419 2648 recedendo„
2453 2555 2459 2562 ⁸

285 2689 294 2700 ·
327 2675 517 2758 regia
548 2676 857 2738 libertate
893 2673 1256 2758 promittO‚
1297 2682 1525 2755 preter
1558 2692 1752 2754 eum,
1806 2672 1929 2753 qui
1982 2671 2056 2734 in
2096 2673 2391 2754 burgen·-

321 2796 430 2840 ses
470 2778 732 2841 miserit
758 2797 996 2840 manus
1026 2777 1383 2840 violentas.
1446 2779 1529 2836 Et
1560 2775 1621 2836 si
1654 2774 1906 2854 aliquis
1942 2783 2390 2837 mercatorum

323 2880 532 2944 fuerit
572 2890 873 2965 tempore
917 2879 1054 2942 fori
1098 2878 1460 2962 spoliatus,
1500 2876 1565 2937 si
1604 2878 2035 2959 predatorem
2076 2874 2392 2940 nomina-

323 2984 536 3064 verit,
575 2993 691 3048 aut
722 2982 920 3047 reddi
956 2982 1197 3046 faciam
1229 2989 1344 3044 aut
1371 2979 1778 3064 persolvam.
1824 2995 1834 3002 ·

1220 3167 1396 3228 Artic.
1435 3170 1488 3228 5·

914 3265 1006 3330 De
1035 3269 1235 3353 prwile
1225 3271 1354 3352 giis
1385 3283 1772 3333 mercatorum.
1818 3325 1823 3330 .

452 3377 812 3463 Volumus
804 3398 1062 3480 etiam,
1102 3407 1176 3460 ut
1218 3418 1452 3460 omnes
1480 3407 1885 3462 mercatores
1924 3405 2229 3485 tempore
2248 3393 2388 3461 fori

323 3502 590 3588 publici
635 3503 710 3565 in
752 3503 993 3587 plateis
1038 3505 1146 3565 vel
1190 3503 1452 3566 allodio
1492 3503 1808 3587 imperii'‚
1852 3505 2244 3584 ubicunque
2266 3517 2389 3562 vo-

293 3605 617 3685 .luerint‚
661 3613 887 3687 preter
923 3595 1184 3669 allodia
1229 3605 1520 3686 civium,
1564 3606 1701 3669 sibi
1750 3625 1937 3670 areas
1991 3615 2058 3669 et
2097 3600 2386 3668 tentoria

321 3717 722 3793 preparent,
760 3708 916 3774 sine
936 3709 1160 3792 pretio
1199 3717 1266 3772 et
1305 3708 1869 3781 contradictione.
1937 3713 2017 3772 Et
2050 3707 2115 3774 si
2153 3708 2391 3790 aliqua

319 3813 718 3898 disceptatio
773 3822 1074 3896 tempore
1104 3812 1274 3876 ·.fori
1318 3812 1499 3876 inter
1542 3817 1915 3900 burgenses
1956 3821 2025 3878 et
2061 3798 2389 3880 mercato}

317 3938 428 3984 res
453 3926 602 3982 orta
639 3915 874 3998 fuerit,
917 3935 1061 3986 non
1087 3915 1290 3979 stabit
1329 3916 1406 3978 in
1449 3926 1683 3982 nostro
1718 3920 1829 3984 vel
1854 3918 2135 3984 rectoris
2166 3911 2415 3982 nostri.

307 4019 616 4102 judicio,
672 4023 791 4090 sed
847 4043 975 4104 pro
1036 4019 1637 4090 consuetudinario
1690 4020 1849 4100 jure
1894 4030 2383 4096 mercatorum,

313 4130 386 4192 et
411 4123 702 4194 maxime
747 4125 1457 4208 coloniensium,
1496 4145 1537 4190 3
1574 4123 1835 4194 civibus
1861 4124 2313 4202 dijudicetun
2362 4161 2369 4168 -
