2909 4800
38 3759 43 3766 ο
29 3701 31 3736 -—
29 3239 35 3678 v-—-——-—-—-—-——w——
28 3117 37 3224 v-—v—0-
29 2995 32 3048 -—

1395 330 1902 453 *iu-

604 560 709 633 'Ad
748 567 879 644 boc
926 564 1001 629 in
1023 563 1417 653 *apostolica
1463 562 1641 632 sedis
1675 563 1982 653 regimen
2009 563 2310 651 promoti
2346 564 2480 629 esse
2522 570 2652 630 deo

608 668 1011 754 disponente
1044 666 1541 753 conspicimur.
1582 677 1658 731 ut
1707 688 1903 733 aures
1953 668 2206 733 nostras
2252 667 2441 731 iustis
2483 670 2653 753 peti-

607 772 914 839 tionibus
964 775 1510 837 commodemus.
1575 782 1638 835 et
1688 771 2096 863 religionem
2151 792 2554 857 propagare
2581 774 2651 837 in

608 883 936 959 quantum
976 874 1243 940 dederit
1274 875 1598 939 dominus
1635 879 2020 939 debeamus
2071 875 2259 957 Quia
2297 875 2505 960 igitur
2540 896 2654 939 vos

540 1028 546 1033 .
607 980 685 1043 in
732 972 983 1049 christo
1018 976 1355 1043 karissimi
1391 978 1532 1043 filii.
1551 1000 1676 1061 per
1709 978 2022 1042 diuinam
2049 978 2334 1064 gratiam
2361 977 2654 1061 aspirati.
2678 967 2682 972 ’

606 1102 833 1147 mores
875 1079 1129 1145 uestros
1178 1079 1299 1145 sub
1336 1082 1668 1169 regularis
1697 1083 1853 1145 uitae
1886 1080 2250 1168 disciplina
2275 1084 2664 1147 cohercere..

608 1194 675 1250 et
710 1185 1163 1249 communiter
1195 1184 1973 1253 secundumsanctorum
2001 1196 2268 1269 patrum
2295 1184 2681 1267 institutio-p

606 1294 769 1355 nem
806 1289 1263 1373 omnipotenti
1306 1290 1594 1355 domino
1635 1288 1986 1359 deseruire.
2009 1287 2486 1374 proposuistis.
2528 1308 2654 1351 nos

610 1393 793 1456 uotis
848 1391 1083 1484 uestris
1154 1376 1439 1476 paterno
1497 1373 2064 1485 congratulamur·
2097 1386 2358 1480 affectu.
2457 1394 2652 1455 ‘Vnde

606 1497 814 1560 etiam·
843 1494 1166 1579 petitioni
1202 1494 1470 1575 uestrae.
1509 1496 1928 1581 benignitate
1964 1496 2192 1571 debita
2227 1493 2656 1581 impertimur

612 1597 967 1661 assensum.
1048 1602 1130 1661 Et
1168 1618 1293 1663 uos
1326 1600 1530 1665 etiam
1573 1610 1639 1665 et
1671 1601 1900 1665 locum
1937 1599 2231 1663 uestrum
2269 1598 2344 1661 in
2383 1598 2657 1661 tutelam

606 1700 990 1781 apostolicae
1030 1700 1207 1761 sedis
1258 1702 1653 1783 excipimus.
1703 1733 1710 1741 =
1743 1702 1962 1779 Quem
2005 1702 2329 1763 uidelicet
2358 1694 2662 1763 'romanae

602 1800 982 1863 censualem
1017 1798 1311 1861 ecclesiae
1346 1800 1566 1859 facere
1597 1800 2024 1862 decreuistis.
2065 1798 2401 1863 consilio.
2443 1809 2510 1867 et
2554 1800 2690 1862 tn.-

602 1900 879 1969 stinctu.
921 1896 1421 1983 argentinensis
1477 1899 1834 1986 prepositi.
1941 1889 2313 1991 Brunonis.
2371 1902 2660 1992 egregiae
2716 1935 2723 1941 ·

1959 1966 2282 1999 ”Mul-'⁸2⁴⁴

600 2001 1011 2071 strenuitatis
1066 2002 1243 2065 uiri.
1286 2002 1410 2083 qui
1438 2002 1820 2069 ‚eeclesiam
1877 2003 2089 2089 ipsam
2141 1978 2470 2088 impensis
2523 2003 2656 2074 suis

496 2108 503 2119 ’
600 2109 679 2171 in
713 2104 1127 2195 allodio-suo
1160 2106 1566 2173 construxit.
1591 2116 1674 2169 ct
1707 2109 2052 2171 bonorum
2079 2107 2382 2205 suorum⁴
2405 2107 2654 2191 acpos-

598 2208 972 2275 sessionum
1012 2210 1383 2273 collatione
1414 2210 1715 2277 dotauit.
1749 2248 1758 2261 ι
1799 2211 1969 2273 Uitae
2013 2229 2286 2291 quoque
2323 2210 2650 2274 canonice

600 2311 921 2377 ordinem
957 2334 1161 2395 quem
1198 2312 1485 2399 professi
1534 2312 1686 2376 estis
1723 2312 2098 2397 priuilegii·
2115 2313 2502 2376 auctoritate
2537 2312 2654 2375 fir·-

602 2438 899 2482 mamus.
946 2428 1011 2484 et
1049 2436 1135 2482 ne
1192 2419 1305 2480 eui
1344 2416 1503 2512 post
1544 2417 2034 2505 professionem
2079 2412 2447 2480 exhibitam
2494 2441 2656 2501 pro·-

600 2523 832 2607 prium
870 2522 1041 2604 quid
1077 2523 1360 2590 habere·
1360 2540 1578 2594 neue
1618 2521 1764 2586 fine
1791 2522 2085 2585 abbatis.
2107 2521 2240 2584 uel
2286 2541 2652 2618 congrega.-
2723 2513 2728 2518 ’

602 2623 815 2690 tionis
835 2624 1116 2692 licentia
1150 2627 1235 2686 de
1266 2623 1552 2698 claustro
1577 2625 1920 2707 discedere
1943 2598 2143 2694 liceat
2150 2609 2660 2702 interdicimus.

612 2728 925 2792 Obeunte
975 2736 1039 2790 te
1074 2749 1256 2797 nunc
1300 2726 1447 2792 eius
1483 2729 1625 2791 loci
1655 2731 1938 2795 abbate.
1971 2729 2084 2790 uel
2123 2737 2392 2816 tuorum
2427 2727 2658 2806 quoli-

609 2831 726 2890 bet
763 2829 1210 2894 suceessorum
1248 2833 1480 2894 nullus
1518 2831 1620 2893 ibi
1671 2833 1974 2912 qualibet
2013 2807 2455 2915 surreptionis
2485 2829 2659 2892 astu-.-

604 2932 735 2995 tia.
776 2931 893 2996 seu
932 2931 1267 2998 uiolentia
1299 2942 1750 3018 preponatur.
1794 2933 1928 2997 nisi
1963 2956 2165 3018 quem
2202 2933 2438 2996 fratres
2473 2955 2663 2996 com-.-

494 3091 501 3100 ,
608 3037 809 3104 muni
861 3037 1223 3101 consensu.
1289 3026 1401 3100 uel
1435 3039 1734 3118 fratrum
1795 3059 1970 3121 pars.
1984 3036 2275 3120 consilii
2335 3037 2659 3104 sanioris.

601 3136 975 3206 secundum
1012 3143 1127 3204 dei
1166 3141 1482 3205 timorem
1519 3141 1918 3224 regulariter
1937 3140 2374 3224 prouiderint
2399 3141 2659 3226 eligens·
2767 3171 2771 3176 ·

606 3244 795 3312 dum,
880 3244 1284 3326 Nullusque
1302 3243 1414 3313 illi
1463 3243 1783 3309 electioni
1833 3245 1898 3308 sc
1955 3246 2250 3328 ingerat.
2294 3244 2434 3308 nisi
2483 3264 2658 3325 quos

602 3345 961 3430 religiosos
997 3347 1184 3410 uiros
1236 3348 1669 3432 congregatio
1709 3346 1926 3440 uestra
1970 3347 2348 3438 uocauerit.
2401 3351 2503 3410 In
2537 3349 2658 3408 ad·-

604 3449 833 3513 uocati
884 3455 1109 3514 autem
1164 3449 1370 3514 uestri
1428 3429 1762 3516 electione
1817 3455 2020 3514 abbas
2072 3453 2361 3515 liberam
2418 3452 2676 3538 habeat·

603 3541 1008 3637 potestatem
1036 3577 1191 3616 cum
1222 3555 1504 3622 fratrum
1536 3557 1810 3621 suorum
1843 3555 2173 3620 consilio.
2218 3556 2415 3617 talem
2449 3553 2670 3636 elige-ff

568 3677 680 3720 *re
726 3678 933 3737 quem
970 3661 1058 3720 ad
1097 3651 1567 3728 defensionem
1603 3661 1934 3725 libertatis
1963 3658 2354 3726 monasterii
2397 3661 2659 3721 honum

606 3768 673 3822 et
708 3761 947 3828 utilem
985 3763 1117 3826 effe
1154 3765 1576 3848 cognouerit.
1661 3766 1798 3848 Qui
1823 3764 1896 3854 ‘si
1933 3763 2384 3830 calumniator
2407 3759 2657 3856 potius

544 3938 555 3946 ,
610 3883 813 3945 quam
862 3868 1225 3932 aduocatus
1274 3867 1580 3934 existens.
1618 3872 1802 3934 bona
1835 3867 2238 3933 ..monasterii
2287 3863 2662 3949 peruaserit
2718 3901 2726 3907 -

606 3976 675 4030 et
706 3991 881 4036 non
876 3971 1105 4054 magis
1154 3991 1233 4036 ea
1280 3973 1704 4050 defenderit.
1747 3977 1952 4045 abbas
2001 3976 2241 4042 habeat
2277 3971 2658 4034 facultatem

608 4093 763 4138 cum
828 4073 1111 4138 fratrum
1172 4076 1485 4148 consilio
1496 4078 1745 4153 alium
1809 4065 1910 4140 ibi
1964 4079 2316 4142 utiliorem
2379 4075 2666 4138 statuere

531 4233 538 4241 ,
606 4181 1033 4253 aduocatum.
1120 4183 1614 4256 Ordinationes
1639 4180 2080 4252 clericorum,
2119 4159 2668 4251 consecrationes
