<?xml version="1.0" encoding="UTF-8"?>
<!DOCTYPE html PUBLIC "-//W3C//DTD XHTML 1.0 Transitional//EN"
    "http://www.w3.org/TR/xhtml1/DTD/xhtml1-transitional.dtd">
<html xmlns="http://www.w3.org/1999/xhtml" xml:lang="en" lang="en">
 <head>
  <title>
</title>
<meta http-equiv="Content-Type" content="text/html;charset=utf-8" />
  <meta name='ocr-system' content='tesseract 3.04.00' />
  <meta name='ocr-capabilities' content='ocr_page ocr_carea ocr_par ocr_line ocrx_word'/>
</head>
<body>
  <div class='ocr_page' id='page_1' title='image "./urkundenderstad02gergoog_0085.png"; bbox 0 0 2909 4800; ppageno 0'>
   <div class='ocr_carea' id='block_1_1' title="bbox 713 669 2372 926">
    <p class='ocr_par' dir='ltr' id='par_1_1' title="bbox 713 669 2372 926">
     <span class='ocr_line' id='line_1_1' title="bbox 890 669 2192 744; baseline -0.013 7"><span class='ocrx_word' id='word_1_1' title='bbox 890 701 897 706; x_wconf 94' lang='lat'>·</span> <span class='ocrx_word' id='word_1_2' title='bbox 1459 669 1708 744; x_wconf 66' lang='lat' dir='ltr'><strong>xvn.</strong></span> <span class='ocrx_word' id='word_1_3' title='bbox 2188 697 2192 702; x_wconf 93' lang='lat'><em>-</em></span> 
     </span>
     <span class='ocr_line' id='line_1_2' title="bbox 713 799 2372 926; baseline -0.005 -16"><span class='ocrx_word' id='word_1_4' title='bbox 713 809 729 818; x_wconf 82' lang='grc'>”</span> <span class='ocrx_word' id='word_1_5' title='bbox 817 804 1447 924; x_wconf 54' lang='grc' dir='ltr'><strong>θεαΐῖῶῡαυη.</strong></span> <span class='ocrx_word' id='word_1_6' title='bbox 1559 799 1733 906; x_wconf 61' lang='lat' dir='ltr'><strong>&amp;ss</strong></span> <span class='ocrx_word' id='word_1_7' title='bbox 1781 800 2372 926; x_wconf 59' lang='lat' dir='ltr'><strong>metetssft&#39;tcb&#39;e.</strong></span> 
     </span>
    </p>
   </div>
   <div class='ocr_carea' id='block_1_2' title="bbox 1159 966 1904 1042">
    <p class='ocr_par' dir='ltr' id='par_1_2' title="bbox 1159 966 1904 1042">
     <span class='ocr_line' id='line_1_3' title="bbox 1159 966 1904 1042; baseline 0.008 -23"><span class='ocrx_word' id='word_1_8' title='bbox 1159 1009 1167 1019; x_wconf 92' lang='lat'><strong>.</strong></span> <span class='ocrx_word' id='word_1_9' title='bbox 1266 969 1407 1042; x_wconf 79' lang='lat'><strong>(1⁶.</strong></span> <span class='ocrx_word' id='word_1_10' title='bbox 1459 972 1608 1031; x_wconf 65' lang='lat' dir='ltr'><strong>nu·</strong></span> <span class='ocrx_word' id='word_1_11' title='bbox 1669 966 1904 1040; x_wconf 66' lang='lat'><strong>1266..)</strong></span> 
     </span>
    </p>
   </div>
   <div class='ocr_carea' id='block_1_3' title="bbox 1442 1107 1732 1122">
    <p class='ocr_par' dir='ltr' id='par_1_3' title="bbox 1442 1107 1732 1122">
     <span class='ocr_line' id='line_1_4' title="bbox 1442 1107 1732 1122; baseline 0 0"><span class='ocrx_word' id='word_1_12' title='bbox 1442 1107 1732 1122; x_wconf 95' lang='lat' dir='ltr'><strong> </strong></span> 
     </span>
    </p>
   </div>
   <div class='ocr_carea' id='block_1_4' title="bbox 453 1212 2688 2678">
    <p class='ocr_par' dir='ltr' id='par_1_4' title="bbox 453 1212 2688 2477">
     <span class='ocr_line' id='line_1_5' title="bbox 554 1212 2627 1314; baseline -0.004 0"><span class='ocrx_word' id='word_1_13' title='bbox 554 1212 652 1314; x_wconf 80' lang='lat' dir='ltr'><strong>In</strong></span> <span class='ocrx_word' id='word_1_14' title='bbox 712 1244 995 1310; x_wconf 90' lang='lat' dir='ltr'><strong>nomine</strong></span> <span class='ocrx_word' id='word_1_15' title='bbox 1070 1243 1342 1306; x_wconf 90' lang='lat' dir='ltr'><strong>domini</strong></span> <span class='ocrx_word' id='word_1_16' title='bbox 1413 1243 1630 1305; x_wconf 89' lang='lat' dir='ltr'><strong>nostri</strong></span> <span class='ocrx_word' id='word_1_17' title='bbox 1715 1239 1925 1304; x_wconf 85' lang='lat' dir='ltr'><strong>Jhesu</strong></span> <span class='ocrx_word' id='word_1_18' title='bbox 1999 1237 2270 1306; x_wconf 78' lang='lat' dir='ltr'><strong>Christi.</strong></span> <span class='ocrx_word' id='word_1_19' title='bbox 2372 1247 2627 1308; x_wconf 55' lang='lat' dir='ltr'><strong>Amen.</strong></span> 
     </span>
     <span class='ocr_line' id='line_1_6' title="bbox 471 1347 2619 1430; baseline -0.004 -11"><span class='ocrx_word' id='word_1_20' title='bbox 471 1412 477 1419; x_wconf 94' lang='lat'><strong>.</strong></span> <span class='ocrx_word' id='word_1_21' title='bbox 550 1351 881 1416; x_wconf 87' lang='lat' dir='ltr'><strong>Noverint</strong></span> <span class='ocrx_word' id='word_1_22' title='bbox 928 1347 1231 1409; x_wconf 87' lang='lat' dir='ltr'><strong>universi</strong></span> <span class='ocrx_word' id='word_1_23' title='bbox 1277 1348 1693 1428; x_wconf 87' lang='lat' dir='ltr'><strong>presentium</strong></span> <span class='ocrx_word' id='word_1_24' title='bbox 1745 1348 2156 1430; x_wconf 81' lang='lat' dir='ltr'><strong>inspectores</strong></span> <span class='ocrx_word' id='word_1_25' title='bbox 2217 1350 2403 1430; x_wconf 89' lang='lat' dir='ltr'><strong>quod</strong></span> <span class='ocrx_word' id='word_1_26' title='bbox 2457 1359 2619 1410; x_wconf 84' lang='lat' dir='ltr'><strong>cum·</strong></span> 
     </span>
     <span class='ocr_line' id='line_1_7' title="bbox 551 1444 2616 1540; baseline -0.001 -23"><span class='ocrx_word' id='word_1_27' title='bbox 551 1455 735 1518; x_wconf 87' lang='lat' dir='ltr'><strong>inter</strong></span> <span class='ocrx_word' id='word_1_28' title='bbox 780 1450 1063 1514; x_wconf 89' lang='lat' dir='ltr'><strong>dilectos</strong></span> <span class='ocrx_word' id='word_1_29' title='bbox 1102 1450 1176 1511; x_wconf 92' lang='lat' dir='ltr'><strong>in</strong></span> <span class='ocrx_word' id='word_1_30' title='bbox 1216 1448 1482 1511; x_wconf 87' lang='lat' dir='ltr'><strong>Christo</strong></span> <span class='ocrx_word' id='word_1_31' title='bbox 1509 1492 1526 1509; x_wconf 93' lang='lat'><strong>.</strong></span> <span class='ocrx_word' id='word_1_32' title='bbox 1551 1494 1569 1511; x_wconf 93' lang='lat'><strong>.</strong></span> <span class='ocrx_word' id='word_1_33' title='bbox 1593 1492 1610 1509; x_wconf 93' lang='lat'><strong>.</strong></span> <span class='ocrx_word' id='word_1_34' title='bbox 1665 1447 2065 1535; x_wconf 76' lang='lat' dir='ltr'><strong>magistrum</strong></span> <span class='ocrx_word' id='word_1_35' title='bbox 2107 1460 2175 1512; x_wconf 82' lang='lat' dir='ltr'><strong>et</strong></span> <span class='ocrx_word' id='word_1_36' title='bbox 2189 1444 2461 1540; x_wconf 67' lang='lat' dir='ltr'><strong>fratres</strong></span> <span class='ocrx_word' id='word_1_37' title='bbox 2488 1452 2616 1540; x_wconf 64' lang='lat' dir='ltr'><strong>do-</strong></span> 
     </span>
     <span class='ocr_line' id='line_1_8' title="bbox 546 1540 2614 1637; baseline -0 -19"><span class='ocrx_word' id='word_1_38' title='bbox 546 1579 702 1618; x_wconf 80' lang='lat' dir='ltr'><strong>mus</strong></span> <span class='ocrx_word' id='word_1_39' title='bbox 749 1551 1111 1637; x_wconf 81' lang='lat' dir='ltr'><strong>hospitalis</strong></span> <span class='ocrx_word' id='word_1_40' title='bbox 1147 1562 1387 1615; x_wconf 81' lang='lat' dir='ltr'><strong>sancte</strong></span> <span class='ocrx_word' id='word_1_41' title='bbox 1422 1549 1658 1615; x_wconf 80' lang='lat' dir='ltr'><strong>Mat-ie</strong></span> <span class='ocrx_word' id='word_1_42' title='bbox 1715 1551 2290 1616; x_wconf 80' lang='lat' dir='ltr'><strong>Theutonicorum</strong></span> <span class='ocrx_word' id='word_1_43' title='bbox 2337 1551 2411 1618; x_wconf 74' lang='lat' dir='ltr'><strong>in</strong></span> <span class='ocrx_word' id='word_1_44' title='bbox 2455 1540 2614 1618; x_wconf 76' lang='lat' dir='ltr'><strong>Fri&#39;-</strong></span> 
     </span>
     <span class='ocr_line' id='line_1_9' title="bbox 453 1650 2612 1746; baseline -0.002 -24"><span class='ocrx_word' id='word_1_45' title='bbox 453 1656 461 1672; x_wconf 75' lang='lat'>²</span> <span class='ocrx_word' id='word_1_46' title='bbox 542 1661 716 1746; x_wconf 70' lang='lat' dir='ltr'><strong>burg</strong></span> <span class='ocrx_word' id='word_1_47' title='bbox 752 1681 832 1721; x_wconf 82' lang='lat' dir='ltr'><strong>ex</strong></span> <span class='ocrx_word' id='word_1_48' title='bbox 869 1679 1004 1719; x_wconf 91' lang='lat' dir='ltr'><strong>una</strong></span> <span class='ocrx_word' id='word_1_49' title='bbox 1044 1664 1231 1741; x_wconf 89' lang='lat' dir='ltr'><strong>parte</strong></span> <span class='ocrx_word' id='word_1_50' title='bbox 1278 1666 1340 1718; x_wconf 86' lang='lat' dir='ltr'><strong>et</strong></span> <span class='ocrx_word' id='word_1_51' title='bbox 1387 1658 1496 1716; x_wconf 92' lang='lat' dir='ltr'><em>W</em></span> <span class='ocrx_word' id='word_1_52' title='bbox 1489 1659 1779 1718; x_wconf 82' lang='lat' dir='ltr'><strong>alterum</strong></span> <span class='ocrx_word' id='word_1_53' title='bbox 1817 1653 2076 1718; x_wconf 82' lang='lat' dir='ltr'><strong>dictum</strong></span> <span class='ocrx_word' id='word_1_54' title='bbox 2113 1650 2494 1720; x_wconf 75' lang='lat' dir='ltr'><strong>Ridet-‘man</strong></span> <span class='ocrx_word' id='word_1_55' title='bbox 2527 1667 2612 1720; x_wconf 63' lang='lat' dir='ltr'><strong>esc</strong></span> 
     </span>
     <span class='ocr_line' id='line_1_10' title="bbox 535 1758 2608 1845; baseline 0.002 -21"><span class='ocrx_word' id='word_1_56' title='bbox 535 1762 753 1826; x_wconf 76' lang='lat' dir='ltr'><strong>altera</strong></span> <span class='ocrx_word' id='word_1_57' title='bbox 779 1784 981 1845; x_wconf 89' lang='lat' dir='ltr'><strong>super</strong></span> <span class='ocrx_word' id='word_1_58' title='bbox 1020 1782 1098 1823; x_wconf 91' lang='lat' dir='ltr'><strong>eo</strong></span> <span class='ocrx_word' id='word_1_59' title='bbox 1139 1763 1322 1841; x_wconf 89' lang='lat' dir='ltr'><strong>quod</strong></span> <span class='ocrx_word' id='word_1_60' title='bbox 1362 1758 1575 1822; x_wconf 87' lang='lat' dir='ltr'><strong>iidem</strong></span> <span class='ocrx_word' id='word_1_61' title='bbox 1614 1759 1845 1821; x_wconf 87' lang='lat' dir='ltr'><strong>fratres</strong></span> <span class='ocrx_word' id='word_1_62' title='bbox 1895 1760 2150 1824; x_wconf 87' lang='lat' dir='ltr'><strong>dictum</strong></span> <span class='ocrx_word' id='word_1_63' title='bbox 2212 1762 2326 1824; x_wconf 90' lang='lat' dir='ltr'><em>W</em></span> <span class='ocrx_word' id='word_1_64' title='bbox 2313 1769 2608 1828; x_wconf 80' lang='lat' dir='ltr'><strong>alterum</strong></span> 
     </span>
     <span class='ocr_line' id='line_1_11' title="bbox 546 1861 2688 1954; baseline -0.001 -24"><span class='ocrx_word' id='word_1_65' title='bbox 546 1869 622 1930; x_wconf 87' lang='lat' dir='ltr'><strong>in</strong></span> <span class='ocrx_word' id='word_1_66' title='bbox 647 1869 928 1932; x_wconf 81' lang='lat' dir='ltr'><strong>fratrem</strong></span> <span class='ocrx_word' id='word_1_67' title='bbox 963 1875 1027 1928; x_wconf 87' lang='lat' dir='ltr'><strong>et</strong></span> <span class='ocrx_word' id='word_1_68' title='bbox 1055 1867 1237 1926; x_wconf 87' lang='lat' dir='ltr'><strong>bona</strong></span> <span class='ocrx_word' id='word_1_69' title='bbox 1270 1861 1501 1954; x_wconf 86' lang='lat' dir='ltr'><strong>omnia</strong></span> <span class='ocrx_word' id='word_1_70' title='bbox 1541 1883 1673 1942; x_wconf 90' lang='lat' dir='ltr'><strong>que</strong></span> <span class='ocrx_word' id='word_1_71' title='bbox 1705 1862 1887 1924; x_wconf 89' lang='lat' dir='ltr'><strong>idem</strong></span> <span class='ocrx_word' id='word_1_72' title='bbox 1918 1866 2203 1928; x_wconf 86' lang='lat' dir='ltr'><strong>habebat</strong></span> <span class='ocrx_word' id='word_1_73' title='bbox 2233 1878 2297 1928; x_wconf 83' lang='lat' dir='ltr'><strong>et</strong></span> <span class='ocrx_word' id='word_1_74' title='bbox 2346 1889 2478 1948; x_wconf 89' lang='lat' dir='ltr'><strong>que</strong></span> <span class='ocrx_word' id='word_1_75' title='bbox 2505 1869 2616 1952; x_wconf 67' lang='lat' dir='ltr'><strong>ip..</strong></span> <span class='ocrx_word' id='word_1_76' title='bbox 2685 1930 2688 1935; x_wconf 73' lang='grc'>,</span> 
     </span>
     <span class='ocr_line' id='line_1_12' title="bbox 534 1969 2607 2054; baseline 0.001 -22"><span class='ocrx_word' id='word_1_77' title='bbox 534 1973 635 2034; x_wconf 76' lang='lat' dir='ltr'><strong>sis</strong></span> <span class='ocrx_word' id='word_1_78' title='bbox 692 1973 901 2034; x_wconf 82' lang='lat' dir='ltr'><strong>etiam</strong></span> <span class='ocrx_word' id='word_1_79' title='bbox 967 1993 1121 2032; x_wconf 89' lang='lat' dir='ltr'><strong>cum</strong></span> <span class='ocrx_word' id='word_1_80' title='bbox 1171 1971 1310 2031; x_wconf 90' lang='lat' dir='ltr'><strong>suis</strong></span> <span class='ocrx_word' id='word_1_81' title='bbox 1371 1969 1743 2033; x_wconf 81' lang='lat' dir='ltr'><strong>fautoribus</strong></span> <span class='ocrx_word' id='word_1_82' title='bbox 1805 1971 2158 2038; x_wconf 85' lang='lat' dir='ltr'><strong>abstulisse</strong></span> <span class='ocrx_word' id='word_1_83' title='bbox 2221 1971 2607 2054; x_wconf 85' lang='lat' dir='ltr'><strong>dicebatur,</strong></span> 
     </span>
     <span class='ocr_line' id='line_1_13' title="bbox 538 2057 2609 2162; baseline 0.001 -23"><span class='ocrx_word' id='word_1_84' title='bbox 538 2079 891 2162; x_wconf 81' lang='lat' dir='ltr'><strong>petebant,</strong></span> <span class='ocrx_word' id='word_1_85' title='bbox 931 2076 1165 2137; x_wconf 87' lang='lat' dir='ltr'><strong>fuisset</strong></span> <span class='ocrx_word' id='word_1_86' title='bbox 1202 2074 1464 2154; x_wconf 81' lang='lat' dir='ltr'><strong>questio</strong></span> <span class='ocrx_word' id='word_1_87' title='bbox 1490 2075 1745 2136; x_wconf 90' lang='lat' dir='ltr'><strong>diutius</strong></span> <span class='ocrx_word' id='word_1_88' title='bbox 1785 2075 2044 2158; x_wconf 86' lang='lat' dir='ltr'><strong>agitata.</strong></span> <span class='ocrx_word' id='word_1_89' title='bbox 2127 2077 2428 2139; x_wconf 87' lang='lat' dir='ltr'><strong>Tandem</strong></span> <span class='ocrx_word' id='word_1_90' title='bbox 2467 2057 2609 2141; x_wconf 68' lang='lat' dir='ltr'><strong>dis-</strong></span> 
     </span>
     <span class='ocr_line' id='line_1_14' title="bbox 541 2178 2607 2262; baseline -0 -20"><span class='ocrx_word' id='word_1_91' title='bbox 541 2192 879 2254; x_wconf 75' lang='lat' dir='ltr'><strong>cretorum</strong></span> <span class='ocrx_word' id='word_1_92' title='bbox 937 2181 1242 2242; x_wconf 88' lang='lat' dir='ltr'><strong>virorum</strong></span> <span class='ocrx_word' id='word_1_93' title='bbox 1303 2178 1594 2242; x_wconf 90' lang='lat' dir='ltr'><strong>consilio</strong></span> <span class='ocrx_word' id='word_1_94' title='bbox 1653 2179 1992 2241; x_wconf 86' lang='lat' dir='ltr'><strong>mediante</strong></span> <span class='ocrx_word' id='word_1_95' title='bbox 2043 2183 2127 2241; x_wconf 90' lang='lat' dir='ltr'><strong>ad</strong></span> <span class='ocrx_word' id='word_1_96' title='bbox 2183 2183 2607 2262; x_wconf 71' lang='lat' dir='ltr'><strong>parcendum</strong></span> 
     </span>
     <span class='ocr_line' id='line_1_15' title="bbox 539 2283 2666 2368; baseline 0 -21"><span class='ocrx_word' id='word_1_97' title='bbox 539 2285 891 2348; x_wconf 88' lang='lat' dir='ltr'><strong>laboribus</strong></span> <span class='ocrx_word' id='word_1_98' title='bbox 931 2285 1226 2368; x_wconf 86' lang='lat' dir='ltr'><strong>partium</strong></span> <span class='ocrx_word' id='word_1_99' title='bbox 1280 2295 1344 2346; x_wconf 90' lang='lat' dir='ltr'><strong>et</strong></span> <span class='ocrx_word' id='word_1_100' title='bbox 1394 2284 1710 2366; x_wconf 82' lang='lat' dir='ltr'><strong>expensis</strong></span> <span class='ocrx_word' id='word_1_101' title='bbox 1756 2285 1832 2346; x_wconf 88' lang='lat' dir='ltr'><strong>in</strong></span> <span class='ocrx_word' id='word_1_102' title='bbox 1885 2283 2166 2345; x_wconf 83' lang='lat' dir='ltr'><strong>dilectos</strong></span> <span class='ocrx_word' id='word_1_103' title='bbox 2212 2284 2285 2344; x_wconf 93' lang='lat' dir='ltr'><strong>in</strong></span> <span class='ocrx_word' id='word_1_104' title='bbox 2337 2285 2603 2348; x_wconf 85' lang='lat' dir='ltr'><strong>Christo</strong></span> <span class='ocrx_word' id='word_1_105' title='bbox 2653 2315 2666 2326; x_wconf 46' lang='lat'><strong>⁸</strong></span> 
     </span>
     <span class='ocr_line' id='line_1_16' title="bbox 536 2374 2616 2477; baseline -0.001 -26"><span class='ocrx_word' id='word_1_106' title='bbox 536 2385 943 2477; x_wconf 71' lang='lat' dir='ltr'><strong>magistrum</strong></span> <span class='ocrx_word' id='word_1_107' title='bbox 992 2389 1081 2450; x_wconf 85' lang='lat' dir='ltr'><em>H</em></span> <span class='ocrx_word' id='word_1_108' title='bbox 1079 2411 1413 2453; x_wconf 78' lang='lat' dir='ltr'><strong>ecnrzcum</strong></span> <span class='ocrx_word' id='word_1_109' title='bbox 1466 2384 1724 2449; x_wconf 80' lang='lat' dir='ltr'><strong>dictum</strong></span> <span class='ocrx_word' id='word_1_110' title='bbox 1767 2382 2107 2449; x_wconf 82' lang='lat' dir='ltr'><strong>Koechilin</strong></span> <span class='ocrx_word' id='word_1_111' title='bbox 2143 2374 2616 2449; x_wconf 75' lang='lat' dir='ltr'><strong>Basiliensem</strong></span> 
     </span>
    </p>

    <p class='ocr_par' dir='ltr' id='par_1_5' title="bbox 537 2485 2645 2678">
     <span class='ocr_line' id='line_1_17' title="bbox 537 2485 2645 2575; baseline 0 -23"><span class='ocrx_word' id='word_1_112' title='bbox 537 2512 620 2552; x_wconf 83' lang='lat' dir='ltr'><strong>ex</strong></span> <span class='ocrx_word' id='word_1_113' title='bbox 646 2502 835 2575; x_wconf 88' lang='lat' dir='ltr'><strong>parte</strong></span> <span class='ocrx_word' id='word_1_114' title='bbox 867 2492 1201 2553; x_wconf 89' lang='lat' dir='ltr'><strong>dictorum</strong></span> <span class='ocrx_word' id='word_1_115' title='bbox 1228 2491 1544 2570; x_wconf 81' lang='lat' dir='ltr'><strong>fratrum,</strong></span> <span class='ocrx_word' id='word_1_116' title='bbox 1581 2512 1662 2551; x_wconf 80' lang='lat' dir='ltr'><strong>ex</strong></span> <span class='ocrx_word' id='word_1_117' title='bbox 1691 2500 1878 2571; x_wconf 86' lang='lat' dir='ltr'><strong>parte</strong></span> <span class='ocrx_word' id='word_1_118' title='bbox 1914 2513 2074 2554; x_wconf 85' lang='lat' dir='ltr'><strong>vero</strong></span> <span class='ocrx_word' id='word_1_119' title='bbox 2100 2490 2264 2551; x_wconf 89' lang='lat' dir='ltr'><strong>dicti</strong></span> <span class='ocrx_word' id='word_1_120' title='bbox 2301 2490 2408 2549; x_wconf 88' lang='lat' dir='ltr'><em>W</em></span> <span class='ocrx_word' id='word_1_121' title='bbox 2399 2485 2609 2553; x_wconf 75' lang='lat' dir='ltr'><strong>alter-z</strong></span> <span class='ocrx_word' id='word_1_122' title='bbox 2638 2513 2645 2521; x_wconf 92' lang='lat'>·</span> 
     </span>
     <span class='ocr_line' id='line_1_18' title="bbox 532 2571 2600 2678; baseline -0 -20.997"><span class='ocrx_word' id='word_1_123' title='bbox 532 2595 624 2657; x_wconf 83' lang='lat' dir='ltr'><strong>de</strong></span> <span class='ocrx_word' id='word_1_124' title='bbox 680 2596 791 2653; x_wconf 88' lang='lat' dir='ltr'><em>W</em></span> <span class='ocrx_word' id='word_1_125' title='bbox 780 2614 1007 2678; x_wconf 80' lang='lat' dir='ltr'><strong>angen</strong></span> <span class='ocrx_word' id='word_1_126' title='bbox 1060 2593 1134 2653; x_wconf 91' lang='lat' dir='ltr'><strong>in</strong></span> <span class='ocrx_word' id='word_1_127' title='bbox 1182 2588 1584 2678; x_wconf 74' lang='lat' dir='ltr'><strong>magistrum</strong></span> <span class='ocrx_word' id='word_1_128' title='bbox 1609 2571 2104 2656; x_wconf 79' lang='lat' dir='ltr'><strong>Eberhardum</strong></span> <span class='ocrx_word' id='word_1_129' title='bbox 2155 2595 2240 2655; x_wconf 84' lang='lat' dir='ltr'><strong>de</strong></span> <span class='ocrx_word' id='word_1_130' title='bbox 2279 2595 2371 2655; x_wconf 85' lang='lat' dir='ltr'><em>H</em></span> <span class='ocrx_word' id='word_1_131' title='bbox 2367 2616 2600 2658; x_wconf 66' lang='lat' dir='ltr'><strong>oswen</strong></span> 
     </span>
    </p>
   </div>
   <div class='ocr_carea' id='block_1_5' title="bbox 396 2684 2601 2815">
    <p class='ocr_par' dir='ltr' id='par_1_6' title="bbox 396 2684 2601 2815">
     <span class='ocr_line' id='line_1_19' title="bbox 396 2684 2601 2815; baseline 0.001 -60"><span class='ocrx_word' id='word_1_132' title='bbox 396 2693 425 2721; x_wconf 84' lang='grc'><strong>’·</strong></span> <span class='ocrx_word' id='word_1_133' title='bbox 492 2750 497 2755; x_wconf 76' lang='grc'>,</span> <span class='ocrx_word' id='word_1_134' title='bbox 539 2695 767 2759; x_wconf 83' lang='lat' dir='ltr'><strong>taliter</strong></span> <span class='ocrx_word' id='word_1_135' title='bbox 795 2695 1009 2757; x_wconf 81' lang='lat' dir='ltr'><strong>extitit</strong></span> <span class='ocrx_word' id='word_1_136' title='bbox 1034 2697 1642 2815; x_wconf 35' lang='lat' dir='ltr'><strong>‘compromissumY</strong></span> <span class='ocrx_word' id='word_1_137' title='bbox 1678 2696 1996 2759; x_wconf 87' lang='lat' dir='ltr'><strong>videlicet</strong></span> <span class='ocrx_word' id='word_1_138' title='bbox 2032 2684 2217 2777; x_wconf 87' lang='lat' dir='ltr'><strong>quod</strong></span> <span class='ocrx_word' id='word_1_139' title='bbox 2256 2698 2420 2759; x_wconf 87' lang='lat' dir='ltr'><strong>dicti</strong></span> <span class='ocrx_word' id='word_1_140' title='bbox 2459 2718 2601 2758; x_wconf 87' lang='lat' dir='ltr'><strong>ma-</strong></span> 
     </span>
    </p>
   </div>
   <div class='ocr_carea' id='block_1_6' title="bbox 532 2797 2600 3302">
    <p class='ocr_par' dir='ltr' id='par_1_7' title="bbox 532 2797 2600 3302">
     <span class='ocr_line' id='line_1_20' title="bbox 536 2797 2596 2885; baseline 0.002 -26"><span class='ocrx_word' id='word_1_141' title='bbox 536 2798 745 2885; x_wconf 85' lang='lat' dir='ltr'><strong>gister</strong></span> <span class='ocrx_word' id='word_1_142' title='bbox 778 2800 870 2861; x_wconf 88' lang='lat' dir='ltr'><em>H</em></span> <span class='ocrx_word' id='word_1_143' title='bbox 866 2822 1163 2863; x_wconf 78' lang='lat' dir='ltr'><strong>emt-zeus</strong></span> <span class='ocrx_word' id='word_1_144' title='bbox 1192 2810 1257 2863; x_wconf 89' lang='lat' dir='ltr'><strong>et</strong></span> <span class='ocrx_word' id='word_1_145' title='bbox 1282 2802 1598 2885; x_wconf 86' lang='lat' dir='ltr'><strong>magister</strong></span> <span class='ocrx_word' id='word_1_146' title='bbox 1631 2797 2067 2863; x_wconf 76' lang='lat' dir='ltr'><strong>Eberhardus</strong></span> <span class='ocrx_word' id='word_1_147' title='bbox 2086 2800 2472 2878; x_wconf 87' lang='lat' dir='ltr'><strong>juramento</strong></span> <span class='ocrx_word' id='word_1_148' title='bbox 2510 2802 2596 2863; x_wconf 88' lang='lat' dir='ltr'><strong>ab</strong></span> 
     </span>
     <span class='ocr_line' id='line_1_21' title="bbox 540 2880 2599 2987; baseline -0.001 -19"><span class='ocrx_word' id='word_1_149' title='bbox 540 2904 711 2987; x_wconf 89' lang='lat' dir='ltr'><strong>ipsis</strong></span> <span class='ocrx_word' id='word_1_150' title='bbox 745 2880 1024 2987; x_wconf 87' lang='lat' dir='ltr'><strong>prestito</strong></span> <span class='ocrx_word' id='word_1_151' title='bbox 1045 2905 1239 2965; x_wconf 85' lang='lat' dir='ltr'><strong>litem</strong></span> <span class='ocrx_word' id='word_1_152' title='bbox 1271 2905 1488 2987; x_wconf 89' lang='lat' dir='ltr'><strong>ipsam</strong></span> <span class='ocrx_word' id='word_1_153' title='bbox 1526 2926 1738 2986; x_wconf 89' lang='lat' dir='ltr'><strong>usque</strong></span> <span class='ocrx_word' id='word_1_154' title='bbox 1761 2908 1844 2965; x_wconf 90' lang='lat' dir='ltr'><strong>ad</strong></span> <span class='ocrx_word' id='word_1_155' title='bbox 1883 2915 2179 2968; x_wconf 85' lang='lat' dir='ltr'><strong>octavam</strong></span> <span class='ocrx_word' id='word_1_156' title='bbox 2209 2907 2387 2968; x_wconf 86' lang='lat' dir='ltr'><strong>beati</strong></span> <span class='ocrx_word' id='word_1_157' title='bbox 2417 2910 2599 2968; x_wconf 86' lang='lat' dir='ltr'><strong>Mar·-</strong></span> 
     </span>
     <span class='ocr_line' id='line_1_22' title="bbox 540 3008 2600 3093; baseline 0 -24"><span class='ocrx_word' id='word_1_158' title='bbox 540 3008 704 3088; x_wconf 60' lang='lat' dir='ltr'><strong>tini,</strong></span> <span class='ocrx_word' id='word_1_159' title='bbox 748 3009 890 3071; x_wconf 84' lang='lat' dir='ltr'><strong>nisi</strong></span> <span class='ocrx_word' id='word_1_160' title='bbox 923 3030 1006 3069; x_wconf 86' lang='lat' dir='ltr'><strong>ex</strong></span> <span class='ocrx_word' id='word_1_161' title='bbox 1047 3016 1367 3090; x_wconf 83' lang='lat' dir='ltr'><strong>potestate</strong></span> <span class='ocrx_word' id='word_1_162' title='bbox 1403 3030 1604 3089; x_wconf 87' lang='lat' dir='ltr'><strong>quam</strong></span> <span class='ocrx_word' id='word_1_163' title='bbox 1651 3014 1782 3071; x_wconf 89' lang='lat' dir='ltr'><strong>hoc</strong></span> <span class='ocrx_word' id='word_1_164' title='bbox 1821 3010 2000 3071; x_wconf 86' lang='lat' dir='ltr'><strong>circa</strong></span> <span class='ocrx_word' id='word_1_165' title='bbox 2037 3014 2167 3073; x_wconf 90' lang='lat' dir='ltr'><strong>hoc·</strong></span> <span class='ocrx_word' id='word_1_166' title='bbox 2197 3016 2600 3093; x_wconf 84' lang='lat' dir='ltr'><strong>acceperunt</strong></span> 
     </span>
     <span class='ocr_line' id='line_1_23' title="bbox 532 3094 2596 3197; baseline 0.002 -27"><span class='ocrx_word' id='word_1_167' title='bbox 532 3129 572 3170; x_wconf 88' lang='lat' dir='ltr'><strong>a</strong></span> <span class='ocrx_word' id='word_1_168' title='bbox 599 3110 903 3192; x_wconf 86' lang='lat' dir='ltr'><strong>partibus</strong></span> <span class='ocrx_word' id='word_1_169' title='bbox 930 3094 1381 3193; x_wconf 67' lang='lat' dir='ltr'><strong>prolixiorem</strong></span> <span class='ocrx_word' id='word_1_170' title='bbox 1410 3116 1498 3173; x_wconf 90' lang='lat' dir='ltr'><strong>ad</strong></span> <span class='ocrx_word' id='word_1_171' title='bbox 1529 3114 1657 3175; x_wconf 90' lang='lat' dir='ltr'><strong>hoc</strong></span> <span class='ocrx_word' id='word_1_172' title='bbox 1691 3113 2054 3175; x_wconf 81' lang='lat' dir='ltr'><strong>terminum</strong></span> <span class='ocrx_word' id='word_1_173' title='bbox 2077 3113 2438 3197; x_wconf 82' lang='lat' dir='ltr'><strong>prefigant,</strong></span> <span class='ocrx_word' id='word_1_174' title='bbox 2475 3113 2596 3174; x_wconf 73' lang='lat' dir='ltr'><strong>de·-</strong></span> 
     </span>
     <span class='ocr_line' id='line_1_24' title="bbox 533 3212 2596 3302; baseline 0 -27"><span class='ocrx_word' id='word_1_175' title='bbox 533 3212 768 3276; x_wconf 80' lang='lat' dir='ltr'><strong>cidant</strong></span> <span class='ocrx_word' id='word_1_176' title='bbox 808 3213 1071 3289; x_wconf 86' lang='lat' dir='ltr'><strong>justitia</strong></span> <span class='ocrx_word' id='word_1_177' title='bbox 1120 3217 1481 3279; x_wconf 86' lang='lat' dir='ltr'><strong>mediante.</strong></span> <span class='ocrx_word' id='word_1_178' title='bbox 1593 3218 1663 3278; x_wconf 88' lang='lat' dir='ltr'><strong>Si</strong></span> <span class='ocrx_word' id='word_1_179' title='bbox 1721 3228 1942 3299; x_wconf 82' lang='lat' dir='ltr'><strong>autem</strong></span> <span class='ocrx_word' id='word_1_180' title='bbox 1995 3219 2173 3279; x_wconf 88' lang='lat' dir='ltr'><strong>infra</strong></span> <span class='ocrx_word' id='word_1_181' title='bbox 2224 3217 2596 3302; x_wconf 75' lang='lat' dir='ltr'><strong>terminum.</strong></span> 
     </span>
    </p>
   </div>
   <div class='ocr_carea' id='block_1_7' title="bbox 400 3317 2596 3411">
    <p class='ocr_par' dir='ltr' id='par_1_8' title="bbox 400 3317 2596 3411">
     <span class='ocr_line' id='line_1_25' title="bbox 400 3317 2596 3411; baseline -0 -32"><span class='ocrx_word' id='word_1_182' title='bbox 400 3396 407 3411; x_wconf 40' lang='grc' dir='ltr'>Ι</span> <span class='ocrx_word' id='word_1_183' title='bbox 494 3391 500 3395; x_wconf 26' lang='lat'>¹</span> <span class='ocrx_word' id='word_1_184' title='bbox 529 3317 912 3401; x_wconf 80' lang='lat' dir='ltr'><strong>predictum</strong></span> <span class='ocrx_word' id='word_1_185' title='bbox 943 3340 1205 3379; x_wconf 88' lang='lat' dir='ltr'><strong>causam</strong></span> <span class='ocrx_word' id='word_1_186' title='bbox 1240 3321 1940 3405; x_wconf 82' lang='lat' dir='ltr'><strong>prehabitam&#39;prefati</strong></span> <span class='ocrx_word' id='word_1_187' title='bbox 1962 3320 2196 3384; x_wconf 87' lang='lat' dir='ltr'><strong>arbitri</strong></span> <span class='ocrx_word' id='word_1_188' title='bbox 2228 3341 2370 3382; x_wconf 90' lang='lat' dir='ltr'><strong>non</strong></span> <span class='ocrx_word' id='word_1_189' title='bbox 2408 3318 2596 3380; x_wconf 81' lang='lat' dir='ltr'><strong>deci-</strong></span> 
     </span>
    </p>
   </div>
   <div class='ocr_carea' id='block_1_8' title="bbox 528 3422 2593 4223">
    <p class='ocr_par' dir='ltr' id='par_1_9' title="bbox 528 3422 2593 4223">
     <span class='ocr_line' id='line_1_26' title="bbox 531 3422 2593 3509; baseline 0.002 -28"><span class='ocrx_word' id='word_1_190' title='bbox 531 3422 728 3501; x_wconf 87' lang='lat' dir='ltr'><strong>dent,</strong></span> <span class='ocrx_word' id='word_1_191' title='bbox 785 3428 1023 3482; x_wconf 86' lang='lat' dir='ltr'><strong>extunc</strong></span> <span class='ocrx_word' id='word_1_192' title='bbox 1068 3442 1277 3502; x_wconf 88' lang='lat' dir='ltr'><strong>usque</strong></span> <span class='ocrx_word' id='word_1_193' title='bbox 1340 3425 1423 3483; x_wconf 90' lang='lat' dir='ltr'><strong>ad</strong></span> <span class='ocrx_word' id='word_1_194' title='bbox 1466 3422 2008 3505; x_wconf 82' lang='lat' dir='ltr'><strong>purificationem</strong></span> <span class='ocrx_word' id='word_1_195' title='bbox 2052 3428 2240 3488; x_wconf 64' lang='lat' dir='ltr'><strong>Beate</strong></span> <span class='ocrx_word' id='word_1_196' title='bbox 2297 3425 2593 3509; x_wconf 70' lang='lat' dir='ltr'><strong>virgi-nis</strong></span> 
     </span>
     <span class='ocr_line' id='line_1_27' title="bbox 530 3522 2593 3609; baseline 0.005 -26"><span class='ocrx_word' id='word_1_197' title='bbox 530 3522 943 3585; x_wconf 83' lang='lat' dir='ltr'><strong>venerabilis</strong></span> <span class='ocrx_word' id='word_1_198' title='bbox 990 3524 1064 3585; x_wconf 91' lang='lat' dir='ltr'><strong>in</strong></span> <span class='ocrx_word' id='word_1_199' title='bbox 1117 3527 1380 3589; x_wconf 87' lang='lat' dir='ltr'><strong>Christo</strong></span> <span class='ocrx_word' id='word_1_200' title='bbox 1424 3536 1614 3609; x_wconf 87' lang='lat' dir='ltr'><strong>pater</strong></span> <span class='ocrx_word' id='word_1_201' title='bbox 1659 3548 1732 3591; x_wconf 89' lang='lat' dir='ltr'><strong>ac</strong></span> <span class='ocrx_word' id='word_1_202' title='bbox 1789 3529 2234 3592; x_wconf 85' lang='lat' dir='ltr'><strong>dominus...</strong></span> <span class='ocrx_word' id='word_1_203' title='bbox 2279 3539 2593 3593; x_wconf 72' lang='lat' dir='ltr'><strong>constan-</strong></span> 
     </span>
     <span class='ocr_line' id='line_1_28' title="bbox 534 3623 2592 3713; baseline 0.007 -28"><span class='ocrx_word' id='word_1_204' title='bbox 534 3623 776 3687; x_wconf 85' lang='lat' dir='ltr'><strong>tiensis</strong></span> <span class='ocrx_word' id='word_1_205' title='bbox 798 3626 1187 3711; x_wconf 88' lang='lat' dir='ltr'><strong>episcopus,</strong></span> <span class='ocrx_word' id='word_1_206' title='bbox 1231 3629 1304 3690; x_wconf 91' lang='lat' dir='ltr'><strong>in</strong></span> <span class='ocrx_word' id='word_1_207' title='bbox 1332 3650 1533 3710; x_wconf 88' lang='lat' dir='ltr'><strong>quem</strong></span> <span class='ocrx_word' id='word_1_208' title='bbox 1569 3640 1788 3711; x_wconf 87' lang='lat' dir='ltr'><strong>partes</strong></span> <span class='ocrx_word' id='word_1_209' title='bbox 1817 3636 2198 3713; x_wconf 88' lang='lat' dir='ltr'><strong>tamquam&#39;</strong></span> <span class='ocrx_word' id='word_1_210' title='bbox 2179 3658 2254 3697; x_wconf 86' lang='lat' dir='ltr'><strong>m</strong></span> <span class='ocrx_word' id='word_1_211' title='bbox 2285 3658 2592 3698; x_wconf 74' lang='lat' dir='ltr'><strong>commu-</strong></span> 
     </span>
     <span class='ocr_line' id='line_1_29' title="bbox 532 3718 2592 3816; baseline 0.006 -29"><span class='ocrx_word' id='word_1_212' title='bbox 532 3747 694 3788; x_wconf 86' lang='lat' dir='ltr'><strong>nem</strong></span> <span class='ocrx_word' id='word_1_213' title='bbox 731 3718 1369 3813; x_wconf 79' lang='lat' dir='ltr'><strong>compromiserant,</strong></span> <span class='ocrx_word' id='word_1_214' title='bbox 1407 3751 1671 3793; x_wconf 90' lang='lat' dir='ltr'><strong>causam</strong></span> <span class='ocrx_word' id='word_1_215' title='bbox 1711 3733 1924 3816; x_wconf 78' lang='lat' dir='ltr'><strong>ipsam</strong></span> <span class='ocrx_word' id='word_1_216' title='bbox 1965 3735 2304 3809; x_wconf 74' lang='lat' dir='ltr'><strong>mediante</strong></span> <span class='ocrx_word' id='word_1_217' title='bbox 2339 3737 2592 3799; x_wconf 73' lang='lat' dir='ltr'><strong>simili-</strong></span> 
     </span>
     <span class='ocr_line' id='line_1_30' title="bbox 532 3816 2589 3919; baseline 0.005 -27"><span class='ocrx_word' id='word_1_218' title='bbox 532 3816 635 3892; x_wconf 83' lang='lat' dir='ltr'><strong>ter</strong></span> <span class='ocrx_word' id='word_1_219' title='bbox 660 3829 921 3905; x_wconf 86' lang='lat' dir='ltr'><strong>justitia</strong></span> <span class='ocrx_word' id='word_1_220' title='bbox 966 3832 1376 3895; x_wconf 87' lang='lat' dir='ltr'><strong>terminabit.</strong></span> <span class='ocrx_word' id='word_1_221' title='bbox 1457 3833 1656 3915; x_wconf 76' lang='lat' dir='ltr'><strong>Quod</strong></span> <span class='ocrx_word' id='word_1_222' title='bbox 1697 3835 1756 3895; x_wconf 88' lang='lat' dir='ltr'><strong>si</strong></span> <span class='ocrx_word' id='word_1_223' title='bbox 1808 3837 2102 3919; x_wconf 87' lang='lat' dir='ltr'><strong>prefatus</strong></span> <span class='ocrx_word' id='word_1_224' title='bbox 2147 3841 2464 3903; x_wconf 90' lang='lat' dir='ltr'><strong>dominus</strong></span> <span class='ocrx_word' id='word_1_225' title='bbox 2509 3827 2589 3903; x_wconf 79' lang='lat' dir='ltr'><strong>ac</strong></span> 
     </span>
     <span class='ocr_line' id='line_1_31' title="bbox 528 3933 2587 4033; baseline 0.007 -43"><span class='ocrx_word' id='word_1_226' title='bbox 528 3938 720 4015; x_wconf 87' lang='lat' dir='ltr'><strong>pater</strong></span> <span class='ocrx_word' id='word_1_227' title='bbox 770 3933 1122 4016; x_wconf 86' lang='lat' dir='ltr'><strong>episcopus</strong></span> <span class='ocrx_word' id='word_1_228' title='bbox 1185 3935 1518 4033; x_wconf 86' lang='lat' dir='ltr'><strong>prefatum</strong></span> <span class='ocrx_word' id='word_1_229' title='bbox 1582 3936 1939 3997; x_wconf 86' lang='lat' dir='ltr'><strong>arbitrium</strong></span> <span class='ocrx_word' id='word_1_230' title='bbox 1981 3938 2072 4009; x_wconf 90' lang='lat' dir='ltr'><strong>in</strong></span> <span class='ocrx_word' id='word_1_231' title='bbox 2122 3959 2193 4001; x_wconf 85' lang='lat' dir='ltr'><strong>se</strong></span> <span class='ocrx_word' id='word_1_232' title='bbox 2243 3941 2587 4025; x_wconf 87' lang='lat' dir='ltr'><strong>suscipere</strong></span> 
     </span>
     <span class='ocr_line' id='line_1_32' title="bbox 530 4032 2590 4119; baseline 0.007 -26"><span class='ocrx_word' id='word_1_233' title='bbox 530 4032 865 4115; x_wconf 88' lang='lat' dir='ltr'><strong>noluerit,</strong></span> <span class='ocrx_word' id='word_1_234' title='bbox 919 4037 1028 4098; x_wconf 81' lang='lat' dir='ltr'><strong>vel</strong></span> <span class='ocrx_word' id='word_1_235' title='bbox 1072 4032 1240 4097; x_wconf 77' lang='lat' dir='ltr'><strong>forte</strong></span> <span class='ocrx_word' id='word_1_236' title='bbox 1284 4036 1359 4097; x_wconf 90' lang='lat' dir='ltr'><strong>in</strong></span> <span class='ocrx_word' id='word_1_237' title='bbox 1404 4057 1475 4098; x_wconf 90' lang='lat' dir='ltr'><strong>se</strong></span> <span class='ocrx_word' id='word_1_238' title='bbox 1511 4046 1888 4119; x_wconf 85' lang='lat' dir='ltr'><strong>susceptum</strong></span> <span class='ocrx_word' id='word_1_239' title='bbox 1935 4062 2079 4105; x_wconf 82' lang='lat' dir='ltr'><strong>non</strong></span> <span class='ocrx_word' id='word_1_240' title='bbox 2125 4046 2590 4107; x_wconf 75' lang='lat' dir='ltr'><strong>terminaverit</strong></span> 
     </span>
     <span class='ocr_line' id='line_1_33' title="bbox 530 4136 2585 4223; baseline 0.004 -21"><span class='ocrx_word' id='word_1_241' title='bbox 530 4136 712 4202; x_wconf 88' lang='lat' dir='ltr'><strong>infra</strong></span> <span class='ocrx_word' id='word_1_242' title='bbox 736 4138 1102 4203; x_wconf 82' lang='lat' dir='ltr'><strong>terminum</strong></span> <span class='ocrx_word' id='word_1_243' title='bbox 1124 4138 1632 4223; x_wconf 85' lang='lat' dir='ltr'><strong>antescriptum,</strong></span> <span class='ocrx_word' id='word_1_244' title='bbox 1675 4160 1758 4215; x_wconf 72' lang='lat' dir='ltr'><strong>ex</strong></span> <span class='ocrx_word' id='word_1_245' title='bbox 1793 4148 1950 4208; x_wconf 80' lang='lat' dir='ltr'><strong>tunc</strong></span> <span class='ocrx_word' id='word_1_246' title='bbox 1973 4142 2188 4209; x_wconf 88' lang='lat' dir='ltr'><strong>dictus</strong></span> <span class='ocrx_word' id='word_1_247' title='bbox 2223 4147 2585 4209; x_wconf 73' lang='lat' dir='ltr'><strong>Walterue</strong></span> 
     </span>
    </p>
   </div>
  </div>
 </body>
</html>
