<?xml version="1.0" encoding="UTF-8"?>
<!DOCTYPE html PUBLIC "-//W3C//DTD XHTML 1.0 Transitional//EN"
    "http://www.w3.org/TR/xhtml1/DTD/xhtml1-transitional.dtd">
<html xmlns="http://www.w3.org/1999/xhtml" xml:lang="en" lang="en">
 <head>
  <title>
</title>
<meta http-equiv="Content-Type" content="text/html;charset=utf-8" />
  <meta name='ocr-system' content='tesseract 3.04.00' />
  <meta name='ocr-capabilities' content='ocr_page ocr_carea ocr_par ocr_line ocrx_word'/>
</head>
<body>
  <div class='ocr_page' id='page_1' title='image "./urkundenderstad02gergoog_0060.png"; bbox 0 0 2909 4800; ppageno 0'>
   <div class='ocr_carea' id='block_1_1' title="bbox 1124 377 1591 449">
    <p class='ocr_par' dir='ltr' id='par_1_1' title="bbox 1124 377 1591 449">
     <span class='ocr_line' id='line_1_1' title="bbox 1124 377 1591 449; baseline 0 -20"><span class='ocrx_word' id='word_1_1' title='bbox 1124 377 1591 449; x_wconf 67' lang='lat'>...39-..</span> 
     </span>
    </p>
   </div>
   <div class='ocr_carea' id='block_1_2' title="bbox 285 565 2376 763">
    <p class='ocr_par' dir='ltr' id='par_1_2' title="bbox 285 565 2376 763">
     <span class='ocr_line' id='line_1_2' title="bbox 309 565 2376 655; baseline 0.006 -28"><span class='ocrx_word' id='word_1_2' title='bbox 309 565 386 627; x_wconf 86' lang='lat' dir='ltr'><strong>in</strong></span> <span class='ocrx_word' id='word_1_3' title='bbox 431 567 598 629; x_wconf 86' lang='lat' dir='ltr'><strong>urbe</strong></span> <span class='ocrx_word' id='word_1_4' title='bbox 642 568 848 631; x_wconf 88' lang='lat' dir='ltr'><strong>habet</strong></span> <span class='ocrx_word' id='word_1_5' title='bbox 869 570 1193 631; x_wconf 82' lang='lat' dir='ltr'><strong>domum:</strong></span> <span class='ocrx_word' id='word_1_6' title='bbox 1238 568 1314 647; x_wconf 83' lang='lat' dir='ltr'><strong>in</strong></span> <span class='ocrx_word' id='word_1_7' title='bbox 1361 572 1647 631; x_wconf 86' lang='lat' dir='ltr'><strong>domum</strong></span> <span class='ocrx_word' id='word_1_8' title='bbox 1702 568 1908 643; x_wconf 79' lang='lat' dir='ltr'><strong>etiam</strong></span> <span class='ocrx_word' id='word_1_9' title='bbox 1964 575 2174 655; x_wconf 80' lang='lat' dir='ltr'><strong>patris</strong></span> <span class='ocrx_word' id='word_1_10' title='bbox 2231 595 2376 647; x_wconf 85' lang='lat' dir='ltr'><strong>non</strong></span> 
     </span>
     <span class='ocr_line' id='line_1_3' title="bbox 285 663 1089 763; baseline 0.005 -32"><span class='ocrx_word' id='word_1_11' title='bbox 285 663 524 763; x_wconf 30' lang='lat' dir='ltr'><strong>„dehet&#39;</strong></span> <span class='ocrx_word' id='word_1_12' title='bbox 553 669 777 734; x_wconf 71' lang='lat' dir='ltr'><strong>taliter</strong></span> <span class='ocrx_word' id='word_1_13' title='bbox 811 670 1089 735; x_wconf 79' lang='lat' dir='ltr'><strong>intrare..</strong></span> 
     </span>
    </p>
   </div>
   <div class='ocr_carea' id='block_1_3' title="bbox 308 814 2447 1311">
    <p class='ocr_par' dir='ltr' id='par_1_3' title="bbox 308 814 2447 1311">
     <span class='ocr_line' id='line_1_4' title="bbox 1160 814 1491 908; baseline 0 -23"><span class='ocrx_word' id='word_1_14' title='bbox 1160 814 1366 886; x_wconf 49' lang='lat' dir='ltr'><strong>&#39;Ax-tie.</strong></span> <span class='ocrx_word' id='word_1_15' title='bbox 1402 826 1491 908; x_wconf 74' lang='grc'><strong>46.</strong></span> 
     </span>
     <span class='ocr_line' id='line_1_5' title="bbox 871 913 1812 975; baseline 0.002 -2"><span class='ocrx_word' id='word_1_16' title='bbox 871 913 964 973; x_wconf 87' lang='lat' dir='ltr'><strong>De</strong></span> <span class='ocrx_word' id='word_1_17' title='bbox 993 914 1336 975; x_wconf 76' lang='lat' dir='ltr'><em>successione</em></span> <span class='ocrx_word' id='word_1_18' title='bbox 1371 914 1812 975; x_wconf 71' lang='lat' dir='ltr'><em>collateralium.</em></span> 
     </span>
     <span class='ocr_line' id='line_1_6' title="bbox 433 1010 2447 1115; baseline 0.002 -28"><span class='ocrx_word' id='word_1_19' title='bbox 433 1025 506 1087; x_wconf 85' lang='lat' dir='ltr'><strong>si</strong></span> <span class='ocrx_word' id='word_1_20' title='bbox 551 1028 692 1086; x_wconf 85' lang='lat' dir='ltr'><strong>duo</strong></span> <span class='ocrx_word' id='word_1_21' title='bbox 739 1023 1200 1115; x_wconf 81' lang='lat' dir='ltr'><strong>contraxerint</strong></span> <span class='ocrx_word' id='word_1_22' title='bbox 1243 1023 1318 1086; x_wconf 86' lang='lat' dir='ltr'><strong>in</strong></span> <span class='ocrx_word' id='word_1_23' title='bbox 1357 1024 1565 1105; x_wconf 88' lang='lat' dir='ltr'><strong>urbe,</strong></span> <span class='ocrx_word' id='word_1_24' title='bbox 1622 1031 1689 1086; x_wconf 86' lang='lat' dir='ltr'><strong>et</strong></span> <span class='ocrx_word' id='word_1_25' title='bbox 1730 1027 1931 1091; x_wconf 83' lang='lat' dir='ltr'><strong>ambo</strong></span> <span class='ocrx_word' id='word_1_26' title='bbox 1976 1024 2127 1089; x_wconf 73' lang='lat' dir='ltr'><strong>sine</strong></span> <span class='ocrx_word' id='word_1_27' title='bbox 2162 1026 2391 1112; x_wconf 77' lang='lat' dir='ltr'><strong>legiti-</strong></span> <span class='ocrx_word' id='word_1_28' title='bbox 2444 1010 2447 1013; x_wconf 23' lang='lat'><strong>⁴</strong></span> 
     </span>
     <span class='ocr_line' id='line_1_7' title="bbox 308 1124 2383 1225; baseline 0.003 -36"><span class='ocrx_word' id='word_1_29' title='bbox 308 1127 442 1189; x_wconf 85' lang='lat' dir='ltr'><strong>mis</strong></span> <span class='ocrx_word' id='word_1_30' title='bbox 476 1124 885 1207; x_wconf 82' lang='lat' dir='ltr'><strong>heredibus,</strong></span> <span class='ocrx_word' id='word_1_31' title='bbox 927 1146 1106 1225; x_wconf 84' lang='lat' dir='ltr'><strong>unus</strong></span> <span class='ocrx_word' id='word_1_32' title='bbox 1141 1132 1295 1208; x_wconf 90' lang='lat' dir='ltr'><strong>post</strong></span> <span class='ocrx_word' id='word_1_33' title='bbox 1327 1124 1577 1205; x_wconf 89' lang='lat' dir='ltr'><strong>alium,</strong></span> <span class='ocrx_word' id='word_1_34' title='bbox 1635 1128 2051 1208; x_wconf 83' lang='lat' dir='ltr'><strong>moriantur,</strong></span> <span class='ocrx_word' id='word_1_35' title='bbox 2094 1132 2383 1215; x_wconf 88' lang='lat' dir='ltr'><strong>propin-</strong></span> 
     </span>
     <span class='ocr_line' id='line_1_8' title="bbox 311 1226 2281 1311; baseline 0.003 -22"><span class='ocrx_word' id='word_1_36' title='bbox 311 1250 486 1309; x_wconf 90' lang='lat' dir='ltr'><strong>quus</strong></span> <span class='ocrx_word' id='word_1_37' title='bbox 523 1228 599 1289; x_wconf 88' lang='lat' dir='ltr'><strong>in</strong></span> <span class='ocrx_word' id='word_1_38' title='bbox 625 1226 1214 1311; x_wconf 76' lang='lat' dir='ltr'><strong>consanguinitate</strong></span> <span class='ocrx_word' id='word_1_39' title='bbox 1244 1226 1650 1311; x_wconf 84' lang='lat' dir='ltr'><strong>posterioris</strong></span> <span class='ocrx_word' id='word_1_40' title='bbox 1687 1229 2103 1292; x_wconf 73' lang='lat' dir='ltr'><strong>hereditabit</strong></span> <span class='ocrx_word' id='word_1_41' title='bbox 2145 1250 2281 1301; x_wconf 69' lang='lat' dir='ltr'><strong>eos,</strong></span> 
     </span>
    </p>
   </div>
   <div class='ocr_carea' id='block_1_4' title="bbox 303 1394 2475 2716">
    <p class='ocr_par' dir='ltr' id='par_1_4' title="bbox 879 1394 1823 1575">
     <span class='ocr_line' id='line_1_9' title="bbox 919 1394 1489 1475; baseline -0.004 -22"><span class='ocrx_word' id='word_1_42' title='bbox 919 1468 930 1475; x_wconf 68' lang='lat'><strong>.‚</strong></span> <span class='ocrx_word' id='word_1_43' title='bbox 1119 1458 1128 1463; x_wconf 63' lang='grc'>,</span> <span class='ocrx_word' id='word_1_44' title='bbox 1187 1394 1364 1464; x_wconf 72' lang='lat' dir='ltr'><strong>Artic.</strong></span> <span class='ocrx_word' id='word_1_45' title='bbox 1397 1396 1489 1467; x_wconf 73' lang='lat'><strong>47.</strong></span> 
     </span>
     <span class='ocr_line' id='line_1_10' title="bbox 879 1482 1823 1575; baseline 0.004 -32"><span class='ocrx_word' id='word_1_46' title='bbox 879 1482 974 1543; x_wconf 84' lang='lat' dir='ltr'><strong>De</strong></span> <span class='ocrx_word' id='word_1_47' title='bbox 1003 1484 1344 1555; x_wconf 65' lang='lat' dir='ltr'><strong>successione</strong></span> <span class='ocrx_word' id='word_1_48' title='bbox 1372 1486 1823 1575; x_wconf 26' lang='lat' dir='ltr'><strong>‘ascendentium-</strong></span> 
     </span>
    </p>

    <p class='ocr_par' dir='ltr' id='par_1_5' title="bbox 303 1576 2475 2716">
     <span class='ocr_line' id='line_1_11' title="bbox 351 1576 2389 1681; baseline 0.002 -29"><span class='ocrx_word' id='word_1_49' title='bbox 351 1635 368 1645; x_wconf 26' lang='grc' dir='ltr'>κ</span> <span class='ocrx_word' id='word_1_50' title='bbox 437 1590 508 1653; x_wconf 91' lang='lat' dir='ltr'><strong>Si</strong></span> <span class='ocrx_word' id='word_1_51' title='bbox 542 1592 796 1673; x_wconf 86' lang='lat' dir='ltr'><strong>aliquis</strong></span> <span class='ocrx_word' id='word_1_52' title='bbox 832 1592 910 1656; x_wconf 91' lang='lat' dir='ltr'><strong>in</strong></span> <span class='ocrx_word' id='word_1_53' title='bbox 945 1593 1213 1658; x_wconf 85' lang='lat' dir='ltr'><strong>civitate</strong></span> <span class='ocrx_word' id='word_1_54' title='bbox 1247 1597 1481 1679; x_wconf 90' lang='lat' dir='ltr'><strong>plures</strong></span> <span class='ocrx_word' id='word_1_55' title='bbox 1516 1598 1700 1663; x_wconf 79' lang='lat' dir='ltr'><strong>filios</strong></span> <span class='ocrx_word' id='word_1_56' title='bbox 1742 1596 2091 1681; x_wconf 86' lang='lat' dir='ltr'><strong>habuerit,</strong></span> <span class='ocrx_word' id='word_1_57' title='bbox 2135 1576 2201 1661; x_wconf 81' lang='lat' dir='ltr'><strong>et</strong></span> <span class='ocrx_word' id='word_1_58' title='bbox 2232 1594 2389 1657; x_wconf 83' lang='lat' dir='ltr'><strong>uni-</strong></span> 
     </span>
     <span class='ocr_line' id='line_1_12' title="bbox 307 1692 2385 1785; baseline 0.003 -30"><span class='ocrx_word' id='word_1_59' title='bbox 307 1692 558 1775; x_wconf 89' lang='lat' dir='ltr'><strong>cuique</strong></span> <span class='ocrx_word' id='word_1_60' title='bbox 589 1696 982 1779; x_wconf 88' lang='lat' dir='ltr'><strong>portionem</strong></span> <span class='ocrx_word' id='word_1_61' title='bbox 1015 1700 1387 1763; x_wconf 80' lang='lat' dir='ltr'><strong>substantie</strong></span> <span class='ocrx_word' id='word_1_62' title='bbox 1415 1721 1536 1763; x_wconf 89' lang='lat' dir='ltr'><strong>sue</strong></span> <span class='ocrx_word' id='word_1_63' title='bbox 1571 1702 1871 1785; x_wconf 85' lang='lat' dir='ltr'><strong>dederit,</strong></span> <span class='ocrx_word' id='word_1_64' title='bbox 1912 1693 1975 1763; x_wconf 70' lang='lat' dir='ltr'><strong>&#39;si</strong></span> <span class='ocrx_word' id='word_1_65' title='bbox 2019 1698 2385 1783; x_wconf 83' lang='lat' dir='ltr'><strong>contigerit</strong></span> 
     </span>
     <span class='ocr_line' id='line_1_13' title="bbox 303 1794 2475 1893; baseline 0.003 -36"><span class='ocrx_word' id='word_1_66' title='bbox 303 1794 488 1859; x_wconf 85' lang='lat' dir='ltr'><strong>filios</strong></span> <span class='ocrx_word' id='word_1_67' title='bbox 523 1798 704 1869; x_wconf 87' lang='lat' dir='ltr'><strong>mori</strong></span> <span class='ocrx_word' id='word_1_68' title='bbox 726 1800 877 1866; x_wconf 87' lang='lat' dir='ltr'><strong>sine</strong></span> <span class='ocrx_word' id='word_1_69' title='bbox 921 1803 1249 1866; x_wconf 74' lang='lat' dir='ltr'><strong>uxoribus</strong></span> <span class='ocrx_word' id='word_1_70' title='bbox 1289 1811 1354 1865; x_wconf 90' lang='lat' dir='ltr'><strong>et</strong></span> <span class='ocrx_word' id='word_1_71' title='bbox 1385 1804 1643 1893; x_wconf 48' lang='lat' dir='ltr'><strong>liberis-</strong></span> <span class='ocrx_word' id='word_1_72' title='bbox 1676 1828 1892 1868; x_wconf 85' lang='lat' dir='ltr'><strong>unum</strong></span> <span class='ocrx_word' id='word_1_73' title='bbox 1935 1812 2090 1889; x_wconf 87' lang='lat' dir='ltr'><strong>post</strong></span> <span class='ocrx_word' id='word_1_74' title='bbox 2133 1801 2382 1879; x_wconf 66' lang='lat' dir='ltr'><strong>alium3</strong></span> <span class='ocrx_word' id='word_1_75' title='bbox 2470 1851 2475 1864; x_wconf 90' lang='lat'><strong><em>.</em></strong></span> 
     </span>
     <span class='ocr_line' id='line_1_14' title="bbox 304 1902 2387 1993; baseline 0.007 -31"><span class='ocrx_word' id='word_1_76' title='bbox 304 1902 484 1983; x_wconf 73' lang='lat' dir='ltr'><strong>patri</strong></span> <span class='ocrx_word' id='word_1_77' title='bbox 504 1924 628 1966; x_wconf 91' lang='lat' dir='ltr'><strong>suo</strong></span> <span class='ocrx_word' id='word_1_78' title='bbox 651 1908 843 1968; x_wconf 84' lang='lat' dir='ltr'><strong>cedet</strong></span> <span class='ocrx_word' id='word_1_79' title='bbox 858 1906 1017 1983; x_wconf 87' lang='lat' dir='ltr'><strong>jure</strong></span> <span class='ocrx_word' id='word_1_80' title='bbox 1039 1906 1460 1971; x_wconf 83' lang='lat' dir='ltr'><strong>hereditario</strong></span> <span class='ocrx_word' id='word_1_81' title='bbox 1488 1909 1713 1971; x_wconf 89' lang='lat' dir='ltr'><strong>omnis</strong></span> <span class='ocrx_word' id='word_1_82' title='bbox 1738 1908 2080 1993; x_wconf 86' lang='lat' dir='ltr'><strong>possessio</strong></span> <span class='ocrx_word' id='word_1_83' title='bbox 2114 1926 2387 1976; x_wconf 57' lang='lat' dir='ltr'><strong>eorum&amp;</strong></span> 
     </span>
     <span class='ocr_line' id='line_1_15' title="bbox 303 1996 2391 2091; baseline 0.006 -25"><span class='ocrx_word' id='word_1_84' title='bbox 303 2004 368 2067; x_wconf 85' lang='lat' dir='ltr'><strong>si</strong></span> <span class='ocrx_word' id='word_1_85' title='bbox 405 2015 628 2071; x_wconf 85' lang='lat' dir='ltr'><strong>tamen</strong></span> <span class='ocrx_word' id='word_1_86' title='bbox 675 2010 946 2073; x_wconf 88' lang='lat' dir='ltr'><strong>nemini</strong></span> <span class='ocrx_word' id='word_1_87' title='bbox 1006 1996 1451 2073; x_wconf 71' lang='lat' dir='ltr'><strong>substantiam</strong></span> <span class='ocrx_word' id='word_1_88' title='bbox 1505 2018 1699 2075; x_wconf 76' lang='lat' dir='ltr'><strong>suam</strong></span> <span class='ocrx_word' id='word_1_89' title='bbox 1741 2016 2109 2091; x_wconf 87' lang='lat' dir='ltr'><strong>dederant,</strong></span> <span class='ocrx_word' id='word_1_90' title='bbox 2154 2030 2391 2091; x_wconf 67' lang='lat' dir='ltr'><strong>quam·-</strong></span> 
     </span>
     <span class='ocr_line' id='line_1_16' title="bbox 311 2111 2388 2203; baseline 0.001 -33"><span class='ocrx_word' id='word_1_91' title='bbox 311 2111 434 2203; x_wconf 86' lang='lat' dir='ltr'><strong>diu</strong></span> <span class='ocrx_word' id='word_1_92' title='bbox 455 2113 605 2175; x_wconf 86' lang='lat' dir='ltr'><strong>sani</strong></span> <span class='ocrx_word' id='word_1_93' title='bbox 629 2120 694 2174; x_wconf 87' lang='lat' dir='ltr'><strong>et</strong></span> <span class='ocrx_word' id='word_1_94' title='bbox 718 2114 1100 2200; x_wconf 81' lang='lat' dir='ltr'><strong>incolumes</strong></span> <span class='ocrx_word' id='word_1_95' title='bbox 1127 2124 1350 2197; x_wconf 82' lang='lat' dir='ltr'><strong>erant,</strong></span> <span class='ocrx_word' id='word_1_96' title='bbox 1395 2118 1587 2197; x_wconf 85' lang='lat' dir='ltr'><strong>quod</strong></span> <span class='ocrx_word' id='word_1_97' title='bbox 1622 2117 1803 2178; x_wconf 80' lang='lat' dir='ltr'><strong>bene</strong></span> <span class='ocrx_word' id='word_1_98' title='bbox 1830 2115 2047 2183; x_wconf 79' lang='lat' dir='ltr'><strong>facere</strong></span> <span class='ocrx_word' id='word_1_99' title='bbox 2083 2120 2388 2198; x_wconf 75' lang='lat' dir='ltr'><strong>possunt,</strong></span> 
     </span>
     <span class='ocr_line' id='line_1_17' title="bbox 311 2213 2391 2308; baseline -0.001 -33"><span class='ocrx_word' id='word_1_100' title='bbox 311 2213 544 2277; x_wconf 82' lang='lat' dir='ltr'><strong>invitis</strong></span> <span class='ocrx_word' id='word_1_101' title='bbox 603 2218 1034 2308; x_wconf 81' lang='lat' dir='ltr'><strong>parentibuS,</strong></span> <span class='ocrx_word' id='word_1_102' title='bbox 1097 2218 1460 2301; x_wconf 75' lang='lat' dir='ltr'><strong>fratribuS,</strong></span> <span class='ocrx_word' id='word_1_103' title='bbox 1515 2218 1868 2282; x_wconf 88' lang='lat' dir='ltr'><strong>sororibus</strong></span> <span class='ocrx_word' id='word_1_104' title='bbox 1916 2226 1983 2281; x_wconf 86' lang='lat' dir='ltr'><strong>et</strong></span> <span class='ocrx_word' id='word_1_105' title='bbox 2034 2215 2190 2277; x_wconf 87' lang='lat' dir='ltr'><strong>aliis</strong></span> <span class='ocrx_word' id='word_1_106' title='bbox 2232 2213 2391 2275; x_wconf 65' lang='lat' dir='ltr'><strong>uni-⁷</strong></span> 
     </span>
     <span class='ocr_line' id='line_1_18' title="bbox 308 2316 2385 2406; baseline -0.003 -23"><span class='ocrx_word' id='word_1_107' title='bbox 308 2319 542 2383; x_wconf 76' lang='lat' dir='ltr'><strong>versis.</strong></span> <span class='ocrx_word' id='word_1_108' title='bbox 625 2323 708 2381; x_wconf 88' lang='lat' dir='ltr'><strong>Et</strong></span> <span class='ocrx_word' id='word_1_109' title='bbox 751 2320 810 2381; x_wconf 91' lang='lat' dir='ltr'><strong>si</strong></span> <span class='ocrx_word' id='word_1_110' title='bbox 843 2329 1035 2404; x_wconf 86' lang='lat' dir='ltr'><strong>pater</strong></span> <span class='ocrx_word' id='word_1_111' title='bbox 1085 2322 1370 2404; x_wconf 83' lang='lat' dir='ltr'><strong>obierit,</strong></span> <span class='ocrx_word' id='word_1_112' title='bbox 1417 2330 1482 2384; x_wconf 88' lang='lat' dir='ltr'><strong>et</strong></span> <span class='ocrx_word' id='word_1_113' title='bbox 1514 2330 1749 2406; x_wconf 85' lang='lat' dir='ltr'><strong>postea</strong></span> <span class='ocrx_word' id='word_1_114' title='bbox 1792 2318 2156 2402; x_wconf 84' lang='lat' dir='ltr'><strong>contigerit</strong></span> <span class='ocrx_word' id='word_1_115' title='bbox 2192 2316 2385 2379; x_wconf 76' lang='lat' dir='ltr'><strong>&#39;mori</strong></span> 
     </span>
     <span class='ocr_line' id='line_1_19' title="bbox 307 2409 2419 2508; baseline -0.004 -22"><span class='ocrx_word' id='word_1_116' title='bbox 307 2447 526 2487; x_wconf 87' lang='lat' dir='ltr'><strong>unum</strong></span> <span class='ocrx_word' id='word_1_117' title='bbox 591 2429 643 2488; x_wconf 83' lang='lat' dir='ltr'><strong>e&#39;</strong></span> <span class='ocrx_word' id='word_1_118' title='bbox 671 2409 1025 2508; x_wconf 75' lang='lat' dir='ltr'><strong>fratribuS,</strong></span> <span class='ocrx_word' id='word_1_119' title='bbox 1101 2427 1226 2489; x_wconf 89' lang='lat' dir='ltr'><strong>alii</strong></span> <span class='ocrx_word' id='word_1_120' title='bbox 1253 2427 1518 2490; x_wconf 48' lang='lat' dir='ltr'><strong>*fratres</strong></span> <span class='ocrx_word' id='word_1_121' title='bbox 1575 2425 1888 2495; x_wconf 79' lang='lat' dir='ltr'><strong>divident</strong></span> <span class='ocrx_word' id='word_1_122' title='bbox 1942 2417 2385 2484; x_wconf 84' lang='lat' dir='ltr'><strong>substantiam</strong></span> <span class='ocrx_word' id='word_1_123' title='bbox 2415 2463 2419 2467; x_wconf 84' lang='lat'><em>-</em></span> 
     </span>
     <span class='ocr_line' id='line_1_20' title="bbox 309 2519 2391 2618; baseline -0.007 -24"><span class='ocrx_word' id='word_1_124' title='bbox 309 2549 498 2594; x_wconf 83' lang='lat' dir='ltr'><strong>suam</strong></span> <span class='ocrx_word' id='word_1_125' title='bbox 535 2527 715 2591; x_wconf 88' lang='lat' dir='ltr'><strong>inter</strong></span> <span class='ocrx_word' id='word_1_126' title='bbox 737 2550 840 2611; x_wconf 84' lang='lat' dir='ltr'><strong>se,</strong></span> <span class='ocrx_word' id='word_1_127' title='bbox 885 2538 950 2593; x_wconf 88' lang='lat' dir='ltr'><strong>et</strong></span> <span class='ocrx_word' id='word_1_128' title='bbox 983 2539 1195 2592; x_wconf 86' lang='lat' dir='ltr'><strong>mater</strong></span> <span class='ocrx_word' id='word_1_129' title='bbox 1219 2552 1386 2593; x_wconf 90' lang='lat' dir='ltr'><strong>non.</strong></span> <span class='ocrx_word' id='word_1_130' title='bbox 1474 2533 1555 2592; x_wconf 92' lang='lat' dir='ltr'><strong>Et</strong></span> <span class='ocrx_word' id='word_1_131' title='bbox 1576 2528 1675 2592; x_wconf 84' lang='lat' dir='ltr'><strong>sic</strong></span> <span class='ocrx_word' id='word_1_132' title='bbox 1709 2528 1771 2590; x_wconf 89' lang='lat' dir='ltr'><strong>si</strong></span> <span class='ocrx_word' id='word_1_133' title='bbox 1808 2537 2047 2590; x_wconf 86' lang='lat' dir='ltr'><strong>omnes</strong></span> <span class='ocrx_word' id='word_1_134' title='bbox 2076 2519 2391 2618; x_wconf 71' lang='lat' dir='ltr'><strong>moriam.-</strong></span> 
     </span>
     <span class='ocr_line' id='line_1_21' title="bbox 309 2601 2391 2716; baseline -0.006 -22"><span class='ocrx_word' id='word_1_135' title='bbox 309 2641 448 2715; x_wconf 90' lang='lat' dir='ltr'><strong>tur,</strong></span> <span class='ocrx_word' id='word_1_136' title='bbox 491 2639 705 2694; x_wconf 82' lang='lat' dir='ltr'><strong>mater</strong></span> <span class='ocrx_word' id='word_1_137' title='bbox 737 2635 1172 2716; x_wconf 89' lang='lat' dir='ltr'><strong>postmodum</strong></span> <span class='ocrx_word' id='word_1_138' title='bbox 1201 2633 1517 2696; x_wconf 84' lang='lat' dir='ltr'><strong>omnium</strong></span> <span class='ocrx_word' id='word_1_139' title='bbox 1540 2635 1740 2695; x_wconf 88' lang='lat' dir='ltr'><strong>heres</strong></span> <span class='ocrx_word' id='word_1_140' title='bbox 1779 2629 1941 2708; x_wconf 82' lang='lat' dir='ltr'><strong>erit3</strong></span> <span class='ocrx_word' id='word_1_141' title='bbox 1976 2631 2245 2688; x_wconf 83' lang='lat' dir='ltr'><strong>mortua</strong></span> <span class='ocrx_word' id='word_1_142' title='bbox 2269 2601 2391 2682; x_wconf 66' lang='grc' dir='ltr'><strong>ειη-ἶ</strong></span> 
     </span>
    </p>
   </div>
   <div class='ocr_carea' id='block_1_5' title="bbox 254 2672 2477 2919">
    <p class='ocr_par' dir='ltr' id='par_1_6' title="bbox 254 2672 2477 2919">
     <span class='ocr_line' id='line_1_22' title="bbox 254 2672 2477 2818; baseline -0.006 -20"><span class='ocrx_word' id='word_1_143' title='bbox 254 2777 263 2783; x_wconf 90' lang='grc'>-</span> <span class='ocrx_word' id='word_1_144' title='bbox 310 2742 447 2798; x_wconf 88' lang='lat' dir='ltr'><strong>tem</strong></span> <span class='ocrx_word' id='word_1_145' title='bbox 478 2745 690 2797; x_wconf 90' lang='lat' dir='ltr'><strong>matre</strong></span> <span class='ocrx_word' id='word_1_146' title='bbox 713 2735 1148 2818; x_wconf 82' lang='lat' dir='ltr'><strong>propinquus</strong></span> <span class='ocrx_word' id='word_1_147' title='bbox 1177 2735 1255 2800; x_wconf 90' lang='lat' dir='ltr'><strong>in</strong></span> <span class='ocrx_word' id='word_1_148' title='bbox 1290 2732 1886 2818; x_wconf 80' lang='lat' dir='ltr'><strong>consanguinitate</strong></span> <span class='ocrx_word' id='word_1_149' title='bbox 1921 2672 2113 2792; x_wconf 81' lang='lat' dir='ltr'><strong>illius</strong></span> <span class='ocrx_word' id='word_1_150' title='bbox 2156 2743 2384 2788; x_wconf 85' lang='lat' dir='ltr'><strong>succe-</strong></span> <span class='ocrx_word' id='word_1_151' title='bbox 2460 2775 2477 2792; x_wconf 79' lang='grc'>,</span> 
     </span>
     <span class='ocr_line' id='line_1_23' title="bbox 310 2827 2383 2919; baseline -0.006 -21"><span class='ocrx_word' id='word_1_152' title='bbox 310 2839 424 2898; x_wconf 88' lang='lat' dir='ltr'><strong>det</strong></span> <span class='ocrx_word' id='word_1_153' title='bbox 465 2835 554 2897; x_wconf 87' lang='lat' dir='ltr'><strong>ei.</strong></span> <span class='ocrx_word' id='word_1_154' title='bbox 607 2835 678 2896; x_wconf 91' lang='lat' dir='ltr'><strong>Si</strong></span> <span class='ocrx_word' id='word_1_155' title='bbox 711 2844 935 2896; x_wconf 85' lang='lat' dir='ltr'><strong>autem</strong></span> <span class='ocrx_word' id='word_1_156' title='bbox 970 2845 1240 2900; x_wconf 88' lang='lat' dir='ltr'><strong>mortuo</strong></span> <span class='ocrx_word' id='word_1_157' title='bbox 1275 2843 1473 2919; x_wconf 86' lang='lat' dir='ltr'><strong>patre·</strong></span> <span class='ocrx_word' id='word_1_158' title='bbox 1502 2842 1569 2898; x_wconf 84' lang='lat' dir='ltr'><strong>et</strong></span> <span class='ocrx_word' id='word_1_159' title='bbox 1604 2842 1817 2894; x_wconf 89' lang='lat' dir='ltr'><strong>matre</strong></span> <span class='ocrx_word' id='word_1_160' title='bbox 1862 2849 2041 2892; x_wconf 86' lang='lat' dir='ltr'><strong>unus</strong></span> <span class='ocrx_word' id='word_1_161' title='bbox 2074 2827 2383 2900; x_wconf 71' lang='lat' dir='ltr'><strong>filiorum</strong></span> 
     </span>
    </p>
   </div>
   <div class='ocr_carea' id='block_1_6' title="bbox 308 2925 2489 3125">
    <p class='ocr_par' dir='ltr' id='par_1_7' title="bbox 308 2925 2489 3125">
     <span class='ocr_line' id='line_1_24' title="bbox 308 2925 2383 3021; baseline -0.002 -20"><span class='ocrx_word' id='word_1_162' title='bbox 308 2945 644 3021; x_wconf 86' lang='lat' dir='ltr'><strong>superest,</strong></span> <span class='ocrx_word' id='word_1_163' title='bbox 688 2939 816 2998; x_wconf 91' lang='lat' dir='ltr'><strong>illo</strong></span> <span class='ocrx_word' id='word_1_164' title='bbox 852 2945 996 2998; x_wconf 89' lang='lat' dir='ltr'><strong>tum</strong></span> <span class='ocrx_word' id='word_1_165' title='bbox 1031 2946 1304 3000; x_wconf 87' lang='lat' dir='ltr'><strong>mortuo</strong></span> <span class='ocrx_word' id='word_1_166' title='bbox 1342 2938 1495 3000; x_wconf 89' lang='lat' dir='ltr'><strong>sine</strong></span> <span class='ocrx_word' id='word_1_167' title='bbox 1530 2955 1745 3017; x_wconf 74' lang='lat' dir='ltr'><strong>uxore</strong></span> <span class='ocrx_word' id='word_1_168' title='bbox 1780 2941 1847 3004; x_wconf 66' lang='lat' dir='ltr'><strong>et</strong></span> <span class='ocrx_word' id='word_1_169' title='bbox 1867 2929 2107 3003; x_wconf 78' lang='lat' dir='ltr'><strong>liberis</strong></span> <span class='ocrx_word' id='word_1_170' title='bbox 2150 2925 2383 3016; x_wconf 68' lang='lat' dir='ltr'><strong>proxi-</strong></span> 
     </span>
     <span class='ocr_line' id='line_1_25' title="bbox 311 3017 2489 3125; baseline -0.001 -23"><span class='ocrx_word' id='word_1_171' title='bbox 311 3061 462 3112; x_wconf 85' lang='lat' dir='ltr'><strong>mus</strong></span> <span class='ocrx_word' id='word_1_172' title='bbox 497 3040 1046 3125; x_wconf 77' lang='lat' dir='ltr'><strong>consanguineus</strong></span> <span class='ocrx_word' id='word_1_173' title='bbox 1083 3040 1298 3124; x_wconf 86' lang='lat' dir='ltr'><strong>ipsius</strong></span> <span class='ocrx_word' id='word_1_174' title='bbox 1341 3041 1656 3109; x_wconf 84' lang='lat' dir='ltr'><strong>succedet</strong></span> <span class='ocrx_word' id='word_1_175' title='bbox 1688 3036 1779 3109; x_wconf 81' lang='lat' dir='ltr'><strong>ei,</strong></span> <span class='ocrx_word' id='word_1_176' title='bbox 2158 3017 2165 3025; x_wconf 50' lang='grc'><strong>’</strong></span> <span class='ocrx_word' id='word_1_177' title='bbox 2482 3021 2489 3027; x_wconf 60' lang='grc'><strong>’</strong></span> 
     </span>
    </p>
   </div>
   <div class='ocr_carea' id='block_1_7' title="bbox 227 3207 2490 4110">
    <p class='ocr_par' dir='ltr' id='par_1_8' title="bbox 1195 3207 1498 3270">
     <span class='ocr_line' id='line_1_26' title="bbox 1195 3207 1498 3270; baseline 0.013 -4"><span class='ocrx_word' id='word_1_178' title='bbox 1195 3207 1318 3267; x_wconf 83' lang='lat' dir='ltr'><strong>Arti</strong></span> <span class='ocrx_word' id='word_1_179' title='bbox 1355 3249 1372 3270; x_wconf 83' lang='grc'><strong>.</strong></span> <span class='ocrx_word' id='word_1_180' title='bbox 1441 3209 1498 3270; x_wconf 81' lang='lat'><strong>8.</strong></span> 
     </span>
    </p>

    <p class='ocr_par' dir='ltr' id='par_1_9' title="bbox 734 3207 2062 3370">
     <span class='ocr_line' id='line_1_27' title="bbox 734 3207 2062 3370; baseline -0.005 -15.991"><span class='ocrx_word' id='word_1_181' title='bbox 734 3293 832 3354; x_wconf 83' lang='lat' dir='ltr'><strong>De</strong></span> <span class='ocrx_word' id='word_1_182' title='bbox 864 3293 1172 3360; x_wconf 71' lang='lat' dir='ltr'><strong>dividenda</strong></span> <span class='ocrx_word' id='word_1_183' title='bbox 1217 3231 1372 3354; x_wconf 51' lang='lat' dir='ltr'><strong>iulet}-</strong></span> <span class='ocrx_word' id='word_1_184' title='bbox 1380 3207 1605 3370; x_wconf 38' lang='lat' dir='ltr'><strong>yfir-atres</strong></span> <span class='ocrx_word' id='word_1_185' title='bbox 1644 3291 1978 3351; x_wconf 79' lang='lat' dir='ltr'><strong>hereditate</strong></span> <span class='ocrx_word' id='word_1_186' title='bbox 2054 3306 2062 3312; x_wconf 53' lang='lat'><strong>‘⁴</strong></span> 
     </span>
    </p>

    <p class='ocr_par' dir='ltr' id='par_1_10' title="bbox 441 3390 2495 3492">
     <span class='ocr_line' id='line_1_28' title="bbox 441 3390 2399 3492; baseline -0.007 -28"><span class='ocrx_word' id='word_1_187' title='bbox 441 3405 772 3487; x_wconf 84' lang='lat' dir='ltr'><strong>Ponatur,</strong></span> <span class='ocrx_word' id='word_1_188' title='bbox 818 3405 1006 3492; x_wconf 90' lang='lat' dir='ltr'><strong>quod</strong></span> <span class='ocrx_word' id='word_1_189' title='bbox 1027 3401 1278 3484; x_wconf 87' lang='lat' dir='ltr'><strong>aliquis</strong></span> <span class='ocrx_word' id='word_1_190' title='bbox 1301 3400 1535 3483; x_wconf 83' lang='lat' dir='ltr'><strong>plures</strong></span> <span class='ocrx_word' id='word_1_191' title='bbox 1558 3397 1741 3461; x_wconf 90' lang='lat' dir='ltr'><strong>filios</strong></span> <span class='ocrx_word' id='word_1_192' title='bbox 1764 3397 2038 3477; x_wconf 81' lang='lat' dir='ltr'><strong>habeat,</strong></span> <span class='ocrx_word' id='word_1_193' title='bbox 2092 3400 2157 3456; x_wconf 87' lang='lat' dir='ltr'><strong>et</strong></span> <span class='ocrx_word' id='word_1_194' title='bbox 2180 3390 2399 3470; x_wconf 76' lang='lat' dir='ltr'><strong>alicui</strong></span> 
     </span>
    </p>

    <p class='ocr_par' dir='ltr' id='par_1_11' title="bbox 227 3479 2490 4098">
     <span class='ocr_line' id='line_1_29' title="bbox 316 3479 2395 3590; baseline -0.007 -22"><span class='ocrx_word' id='word_1_195' title='bbox 316 3525 400 3568; x_wconf 82' lang='lat' dir='ltr'><strong>ex</strong></span> <span class='ocrx_word' id='word_1_196' title='bbox 444 3505 589 3568; x_wconf 91' lang='lat' dir='ltr'><strong>illis</strong></span> <span class='ocrx_word' id='word_1_197' title='bbox 633 3505 1030 3590; x_wconf 86' lang='lat' dir='ltr'><strong>portionem</strong></span> <span class='ocrx_word' id='word_1_198' title='bbox 1088 3504 1457 3566; x_wconf 85' lang='lat' dir='ltr'><strong>substantie</strong></span> <span class='ocrx_word' id='word_1_199' title='bbox 1504 3505 1729 3564; x_wconf 88' lang='lat' dir='ltr'><strong>adhuc</strong></span> <span class='ocrx_word' id='word_1_200' title='bbox 1789 3499 2023 3562; x_wconf 81' lang='lat' dir='ltr'><strong>vivens</strong></span> <span class='ocrx_word' id='word_1_201' title='bbox 2093 3479 2395 3573; x_wconf 47' lang='lat' dir='ltr'><strong>dederim</strong></span> 
     </span>
     <span class='ocr_line' id='line_1_30' title="bbox 315 3587 2490 3694; baseline -0.008 -21"><span class='ocrx_word' id='word_1_202' title='bbox 315 3618 470 3694; x_wconf 91' lang='lat' dir='ltr'><strong>post</strong></span> <span class='ocrx_word' id='word_1_203' title='bbox 493 3619 786 3673; x_wconf 86' lang='lat' dir='ltr'><strong>mortem</strong></span> <span class='ocrx_word' id='word_1_204' title='bbox 806 3607 1018 3692; x_wconf 85' lang='lat' dir='ltr'><strong>patris</strong></span> <span class='ocrx_word' id='word_1_205' title='bbox 1045 3606 1154 3669; x_wconf 80' lang='lat' dir='ltr'><strong>vel</strong></span> <span class='ocrx_word' id='word_1_206' title='bbox 1179 3605 1452 3686; x_wconf 71' lang='lat' dir='ltr'><strong>matris,</strong></span> <span class='ocrx_word' id='word_1_207' title='bbox 1486 3603 1784 3672; x_wconf 82' lang='lat' dir='ltr'><strong>aliorum</strong></span> <span class='ocrx_word' id='word_1_208' title='bbox 1812 3599 2141 3683; x_wconf 86' lang='lat' dir='ltr'><strong>quilibet,</strong></span> <span class='ocrx_word' id='word_1_209' title='bbox 2176 3615 2389 3686; x_wconf 62' lang='lat' dir='ltr'><strong>quam.</strong></span> <span class='ocrx_word' id='word_1_210' title='bbox 2487 3587 2490 3592; x_wconf 67' lang='grc'><strong>’</strong></span> 
     </span>
     <span class='ocr_line' id='line_1_31' title="bbox 227 3699 2391 3795; baseline -0.006 -22"><span class='ocrx_word' id='word_1_211' title='bbox 227 3717 242 3737; x_wconf 73' lang='lat'><strong>*</strong></span> <span class='ocrx_word' id='word_1_212' title='bbox 315 3716 460 3772; x_wconf 85' lang='lat' dir='ltr'><strong>tum</strong></span> <span class='ocrx_word' id='word_1_213' title='bbox 501 3709 624 3774; x_wconf 91' lang='lat' dir='ltr'><strong>ille</strong></span> <span class='ocrx_word' id='word_1_214' title='bbox 665 3732 796 3795; x_wconf 90' lang='lat' dir='ltr'><strong>pro</strong></span> <span class='ocrx_word' id='word_1_215' title='bbox 841 3709 1162 3794; x_wconf 81' lang='lat' dir='ltr'><strong>portione</strong></span> <span class='ocrx_word' id='word_1_216' title='bbox 1213 3727 1335 3770; x_wconf 87' lang='lat' dir='ltr'><strong>sua</strong></span> <span class='ocrx_word' id='word_1_217' title='bbox 1367 3703 1639 3788; x_wconf 85' lang='lat' dir='ltr'><strong>habuit,</strong></span> <span class='ocrx_word' id='word_1_218' title='bbox 1694 3705 1899 3768; x_wconf 85' lang='lat' dir='ltr'><strong>debet</strong></span> <span class='ocrx_word' id='word_1_219' title='bbox 1940 3699 2295 3784; x_wconf 78' lang='lat' dir='ltr'><strong>accipere,</strong></span> <span class='ocrx_word' id='word_1_220' title='bbox 2326 3705 2391 3766; x_wconf 86' lang='lat' dir='ltr'><strong>et</strong></span> 
     </span>
     <span class='ocr_line' id='line_1_32' title="bbox 317 3798 2392 3896; baseline -0.006 -20"><span class='ocrx_word' id='word_1_221' title='bbox 317 3814 660 3896; x_wconf 82' lang='lat' dir='ltr'><strong>reliquam</strong></span> <span class='ocrx_word' id='word_1_222' title='bbox 693 3807 1144 3883; x_wconf 83' lang='lat' dir='ltr'><strong>substantiam</strong></span> <span class='ocrx_word' id='word_1_223' title='bbox 1189 3826 1427 3886; x_wconf 82' lang='lat' dir='ltr'><strong>ornnes</strong></span> <span class='ocrx_word' id='word_1_224' title='bbox 1478 3805 1815 3889; x_wconf 75' lang='lat' dir='ltr'><strong>equaliter</strong></span> <span class='ocrx_word' id='word_1_225' title='bbox 1859 3800 2171 3870; x_wconf 84' lang='lat' dir='ltr'><strong>dividant</strong></span> <span class='ocrx_word' id='word_1_226' title='bbox 2213 3798 2392 3876; x_wconf 75' lang='lat' dir='ltr'><strong>inter</strong></span> 
     </span>
     <span class='ocr_line' id='line_1_33' title="bbox 316 3900 2389 4028; baseline -0.009 -50"><span class='ocrx_word' id='word_1_227' title='bbox 316 3936 421 3994; x_wconf 83' lang='lat' dir='ltr'><strong>se3</strong></span> <span class='ocrx_word' id='word_1_228' title='bbox 464 3923 580 3978; x_wconf 86' lang='lat' dir='ltr'><strong>aut</strong></span> <span class='ocrx_word' id='word_1_229' title='bbox 619 3915 884 4000; x_wconf 83' lang='lat' dir='ltr'><strong>priores</strong></span> <span class='ocrx_word' id='word_1_230' title='bbox 917 3912 1310 4028; x_wconf 68' lang='lat' dir='ltr'><strong>portionem</strong></span> <span class='ocrx_word' id='word_1_231' title='bbox 1354 3929 1546 3982; x_wconf 80' lang='lat' dir='ltr'><strong>suam</strong></span> <span class='ocrx_word' id='word_1_232' title='bbox 1582 3909 1655 3974; x_wconf 89' lang='lat' dir='ltr'><strong>in</strong></span> <span class='ocrx_word' id='word_1_233' title='bbox 1694 3905 2002 3970; x_wconf 87' lang='lat' dir='ltr'><strong>medium</strong></span> <span class='ocrx_word' id='word_1_234' title='bbox 2046 3900 2389 3982; x_wconf 79' lang='lat' dir='ltr'><strong>rejiciant,</strong></span> 
     </span>
     <span class='ocr_line' id='line_1_34' title="bbox 236 4005 2391 4110; baseline -0.007 -29"><span class='ocrx_word' id='word_1_235' title='bbox 236 4022 239 4031; x_wconf 87' lang='grc'><strong>“</strong></span> <span class='ocrx_word' id='word_1_236' title='bbox 319 4023 387 4085; x_wconf 80' lang='lat' dir='ltr'><strong>,et</strong></span> <span class='ocrx_word' id='word_1_237' title='bbox 417 4016 514 4078; x_wconf 88' lang='lat' dir='ltr'><strong>sic</strong></span> <span class='ocrx_word' id='word_1_238' title='bbox 559 4015 894 4110; x_wconf 80' lang='lat' dir='ltr'><strong>equaliter</strong></span> <span class='ocrx_word' id='word_1_239' title='bbox 928 4013 1164 4078; x_wconf 86' lang='lat' dir='ltr'><strong>omnia</strong></span> <span class='ocrx_word' id='word_1_240' title='bbox 1199 4010 1535 4074; x_wconf 85' lang='lat' dir='ltr'><strong>dividant</strong></span> <span class='ocrx_word' id='word_1_241' title='bbox 1556 4007 1735 4072; x_wconf 83' lang='lat' dir='ltr'><strong>inter</strong></span> <span class='ocrx_word' id='word_1_242' title='bbox 1766 4029 1859 4080; x_wconf 76' lang='lat' dir='ltr'><strong>se,</strong></span> <span class='ocrx_word' id='word_1_243' title='bbox 1944 4007 2016 4071; x_wconf 89' lang='lat' dir='ltr'><strong>Si</strong></span> <span class='ocrx_word' id='word_1_244' title='bbox 2060 4027 2233 4074; x_wconf 78' lang='lat' dir='ltr'><strong>uxor</strong></span> <span class='ocrx_word' id='word_1_245' title='bbox 2266 4005 2391 4066; x_wconf 81' lang='lat' dir='ltr'><strong>ali-</strong></span> 
     </span>
    </p>
   </div>
   <div class='ocr_carea' id='block_1_8' title="bbox 320 4109 2507 4241">
    <p class='ocr_par' dir='ltr' id='par_1_12' title="bbox 320 4109 2507 4241">
     <span class='ocr_line' id='line_1_35' title="bbox 320 4109 2507 4241; baseline -0.004 -60.993"><span class='ocrx_word' id='word_1_246' title='bbox 320 4115 512 4202; x_wconf 85' lang='lat' dir='ltr'><strong>cujus</strong></span> <span class='ocrx_word' id='word_1_247' title='bbox 554 4115 913 4212; x_wconf 72' lang='lat' dir='ltr'><strong>burgensis</strong></span> <span class='ocrx_word' id='word_1_248' title='bbox 961 4114 1283 4241; x_wconf 71' lang='lat' dir='ltr'><strong>moritur,</strong></span> <span class='ocrx_word' id='word_1_249' title='bbox 1340 4134 1496 4188; x_wconf 78' lang='lat' dir='ltr'><strong>cum</strong></span> <span class='ocrx_word' id='word_1_250' title='bbox 1535 4132 1667 4195; x_wconf 87' lang='lat' dir='ltr'><strong>qua</strong></span> <span class='ocrx_word' id='word_1_251' title='bbox 1703 4111 1961 4194; x_wconf 68' lang='lat' dir='ltr'><strong>liberos</strong></span> <span class='ocrx_word' id='word_1_252' title='bbox 2011 4109 2282 4192; x_wconf 77' lang='lat' dir='ltr'><strong>habuit,</strong></span> <span class='ocrx_word' id='word_1_253' title='bbox 2328 4112 2392 4182; x_wconf 67' lang='lat' dir='ltr'><strong>et</strong></span> <span class='ocrx_word' id='word_1_254' title='bbox 2498 4159 2507 4172; x_wconf 95' lang='lat'><strong><em>.</em></strong></span> 
     </span>
    </p>
   </div>
  </div>
 </body>
</html>
