2909 4800
1133 404 1238 421 ..
1313 334 1593 445 57'...

188 598 192 601 v
291 616 296 623 .
347 568 545 648 grata·
577 556 994 625 contulerint
1033 574 1156 621 seu
1198 555 1698 619 transmiserint
1736 551 2041 616 subsidia
2074 547 2399 637 caritatis,

343 667 787 750 quadraginta
835 664 982 727 dies
1030 665 1116 726 de
1160 660 1469 737 injuncta
1520 658 1656 721 sibi
1711 656 2088 741 penitentia
2131 658 2397 721 miseri-

341 770 640 833 corditer
687 768 1088 831 relaxamus,
1187 763 1432 824 Datum
1491 763 1673 845 apud
1726 760 2126 825 Friborch
2178 752 2215 819 ir
2262 762 2397 825 kal.

325 870 515 950 junii
554 871 802 957 pontif.
839 861 1415 932 dni.Innocentii
1439 864 1882 947 Papoe'IIII.
1922 884 2104 926 anno
2144 874 2397 929 octavo.
2420 926 2433 943 ,

575 1039 754 1103 εἰσρεῖ
786 1034 1133 1104 ρτόβΐεηΐδοηᾱ
1173 1036 1407 1091 etheum.
1478 1029 1767 1098 umfdtiftz
1820 1028 1945 1111 †S.
1995 1029 2177 1090 FRIS.
2212 1031 2394 1093 HVG.
2631 1006 2641 1014 ’

471 1122 586 1192 ΤΤ.
640 1120 732 1183 so
754 1163 771 1180 .
911 1119 1192 1199 sAmNE.
1230 1116 1414 1175 PBRJ.
1451 1114 1675 1173 GARD.

184 1477 191 1482 ,
451 1470 456 1479 .
1331 1422 1466 1491 111.
1548 1460 1569 1473 .-

309 1553 1104 1695 ‚zobanniterbaua
1185 1421 1681 1656 ῶξεὲίεεέεὶ·
1740 1580 1873 1655 am
1924 1558 2395 1679 ὓΐοτῡῐααΰ.

1031 1729 1172 1800 (18.
1211 1730 1696 1802 &pti-1125Q.)

1148 1908 1153 1913 .
1205 1878 1540 1917 ’“““’““-““Ι““““““

335 2024 594 2138 Frater
653 2056 1041 2126 Heinricus
1101 2060 1327 2135 dictus
1397 2064 1485 2135 de
1553 2062 2029 2130 Tockenbureh
2086 2054 2429 2149 magister'

333 2170 662 2229 domuum
691 2167 1044 2251 hospitalis
1071 2167 1655 2235 lherosolimitani
1685 2189 1811 2250 per
1836 2169 2152 2251 Alsatiam
2191 2176 2254 2229 et
2275 2190 2402 2251 per

331 2269 820 2354 Brisgaudiam.
905 2270 1245 2332 Omnibus
1282 2292 1561 2354 presens
1599 2272 1921 2354 scriptum
1958 2272 2398 2354 inspecturis.

336 2373 411 2436 in
449 2382 875 2458 perpetuum.
969 2373 1300 2439 Nouerint
1352 2396 1589 2437 omnes
1648 2394 1817 2456 quos
1869 2395 2147 2438 noscere
2200 2396 2403 2458 opor-

344 2485 584 2538 tunum
612 2477 839 2539 fuerit.
884 2481 1070 2559 quod
1104 2498 1229 2540 nos
1268 2457 1352 2541 d‘e
1393 2479 1687 2540 consilio
1727 2477 2066 2540 fratrum
2122 2479 2403 2561 hospi-

339 2582 532 2643 talis
597 2583 676 2643 S:
703 2582 1112 2644 Johannis
1163 2580 1254 2657 jn
1313 2602 1531 2645 noua
1595 2582 1931 2646 ciuitate
1978 2583 2403 2645 Friburch.

336 2687 623 2749 domino
675 2683 749 2748 C.
798 2683 1237 2750 ⁸Cholmanno
1295 2686 1505 2754 militi
1572 2689 1657 2749 de
1702 2687 2097 2754 Friburch
2154 2696 2219 2748 et
2259 2687 2400 2748 suis

335 2788 740 2862 heredibus.
814 2786 1266 2858 concessimus
1320 2785 1936 2860 jure-hereditario
1994 2808 2188 2871 agros
2238 2789 2403 2857 sitos

336 2888 522 2949 iuxta
591 2889 836 2952 siluam
924 2910 1055 2972 que
1135 2889 1516 2970 appellatur
1601 2890 1976 2972 uulgariter
2064 2892 2425 2975 rotlovp.¹

335 2992 463 3052 sub
489 2995 611 3052 hac
640 2992 858 3054 forma
876 3035 893 3052 .
935 2993 1285 3055 videlicet.
1330 3001 1402 3052 ut
1431 2994 1783 3054 annuatim
1810 3014 1937 3076 pro
1963 2992 2403 3078 dictqhospi-

338 3093 458 3155 tali
507 3093 686 3153 infra
732 3097 1108 3157 terminum
1145 3098 1627 3181 assumptionis
1674 3078 2121 3160 beate'Marie
2174 3106 2239 3159 et
2287 3119 2407 3160 na.-

342 3196 628 3258 tiuitalis
653 3197 956 3260 eiusdem
977 3242 994 3260 .
1036 3200 1381 3282 persoluat
1413 3197 1488 3259 in
1517 3219 1724 3260 censu
1746 3202 1831 3260 de
1853 3199 2176 3280 predictis
2224 3200 2405 3285 agris

215 3361 230 3374 ,
339 3305 577 3363 decem
636 3306 916 3365 modeos
976 3302 1312 3387 siliginis.
1399 3310 1465 3363 et
1523 3282 1810 3366 domino
1882 3300 1955 3364 C.
1996 3300 2274 3366 ‘Comici
2323 3305 2410 3366 de

245 3433 260 3456 κ
339 3401 672 3469 Friburch
709 3415 858 3469 octo
897 3407 1156 3469 solidos
1195 3414 1259 3467 et
1295 3414 1585 3486 quatuor
1620 3410 1778 3469 den.
1823 3413 1885 3468 et
1914 3394 2043 3468 tres
2085 3408 2409 3469 sextarios

341 3518 409 3570 et
440 3509 1146 3593 dimidium-siliginis
1181 3517 1245 3571 et
1269 3509 1502 3571 ordei.
1544 3509 1879 3592 persoluit
1908 3510 2109 3571 etiam
2148 3514 2232 3571 de
2255 3531 2409 3592 pre-

341 3614 540 3678 dictis
586 3617 764 3699 agris
809 3637 958 3676 cum
1008 3614 1283 3698 prefatis
1331 3618 1565 3676 decem
1613 3615 1873 3676 modeis
1920 3634 2034 3676 sex
2086 3614 2405 3676 denarios

340 3719 730 3779 annuatim.
775 3738 943 3800 quos
981 3719 1240 3781 scilicet
1275 3738 1390 3780 sex
1427 3721 1585 3780 den.
1628 3727 1782 3778 ante
1822 3719 1907 3778 de
1954 3697 2244 3796 quadam
2283 3719 2408 3778 do-

343 3841 458 3883 mo
495 3820 624 3882 sita
655 3823 728 3885 in
761 3823 1161 3887 Friburch
1204 3823 1557 3885 annuatim
1603 3823 1679 3884 in
1716 3825 1922 3883 censu
1953 3819 2405 3902 persolucba’t.

343 3923 568 3988 Huius
613 3929 714 3988 rei
742 3936 933 3990 testes
971 3937 1127 3990 sunt
1164 3926 1481 4011 magister
1517 3930 1759 3988 domus
1793 3924 1915 3986 sci.
1956 3925 1995 3984 J
2006 3927 2118 3986 oh.
2163 3922 2238 3992 in
2277 3925 2407 3983 Ba-

343 4031 552 4094 silea
576 4032 862 4094 nomine
897 4023 1315 4114 Ruodoffus.
1344 4030 1550 4092 frater
1584 4029 1668 4091 L.
1694 4036 1913 4091 rector
1946 4026 2238 4111 predicti
2280 4027 2407 4086 ho-
2454 4040 2463 4046 ·

342 4134 639 4217 ,epita-lis,
673 4134 799 4198 Fr.
839 4137 920 4196 G.
949 4135 1034 4198 de
1061 4135 1526 4211 Tuncstettenq
1568 4132 1906 4197 Dominus
1927 4129 2021 4195 H
2014 4173 2037 4225 ,ι
2054 4121 2411 4193 deZer-im
