2909 4800
1087 387 1549 504 “4⁵1“

287 603 491 670 quam
534 582 644 647 vel
694 561 828 666 que
885 584 973 646 de
1039 553 1337 665 pecunia
1378 569 1611 644 nostra
1669 596 1716 640 a
1765 575 2120 642 nobilibus
2175 575 2345 645 viris

280 683 595 750 Ducibus
620 685 707 750 de
755 687 821 747 T
814 686 929 748 eck
973 681 1546 768 comparavimus,
1591 688 1657 742 et
1695 682 1882 762 quod
1919 680 2066 764 ipse
2111 672 2346 764 (ipsii’)

282 796 367 856 de
410 790 569 868 jure
632 787 836 853 nobis
878 788 1177 849 vendere
1247 790 1315 846 et
1364 786 1526 846 dare
1569 790 1972 867 potuerunt3
2029 783 2347 845 homines

277 913 441 958 vero
473 913 600 956 nec
627 911 771 954 non
808 895 875 952 et
916 885 1053 948 alia
1088 884 1593 968 qualiacunque
1625 886 1843 968 hona,
1885 905 2019 968 que
2057 874 2194 948 sibi
2222 906 2348 948 nec

276 996 629 1084 potuimus
648 1011 777 1054 nec
803 985 1166 1054 debuimus
1194 990 1280 1049 de
1303 985 1464 1066 jure
1499 987 1843 1082 donare‚'
1824 1006 1970 1071 ipsa
1986 985 2133 1063 jam
2159 989 2344 1052 dicto

278 1097 531 1160 comite
585 1083 945 1171 (comitii‘)
997 1088 1075 1151 in
1128 1097 1386 1156 rectum
1443 1096 1509 1152 et
1571 1077 1790 1174 legale
1849 1089 2150 1153 feudum
2185 1113 2349 1156 con..

280 1196 591 1288 cedimus
627 1192 827 1254 titulo
872 1189 1132 1254 feudali
1165 1195 1500 1276 perpetuo
1547 1189 1985 1274 possidenda.
2039 1195 2350 1259 Preterea

284 1295 625 1382 quicquid
656 1303 791 1356 tam
817 1311 945 1356 nos
990 1309 1193 1373 quam
1232 1291 1579 1374 predictus
1605 1310 1832 1356 comes
1872 1296 1960 1356 de
1991 1294 2197 1360 bonis
2236 1297 2355 1381 pie
2468 1369 2478 1376 ἡ

286 1397 620 1464 memorie
682 1389 1005 1458 Bertoldi
1048 1389 1274 1456 Ducis
1333 1388 1669 1478 Zeringie
1729 1393 1809 1456 in
1853 1399 2356 1477 presentiarum

256 1491 747 1586 ⁴(presentiai')
790 1495 1213 1577 obtinemuS,
1268 1494 1343 1558 id
1376 1503 1674 1578 uterque
1715 1503 2023 1560 nostrum
2072 1499 2358 1584 pacifice

290 1607 663 1692 possideat,
714 1601 888 1666 sicut
912 1601 1117 1662 ambo
1148 1599 1579 1684 possedimus
1611 1600 1784 1664 facta
1815 1604 2000 1685 apud
2034 1593 2356 1666 Ulmam

288 1709 478 1771 inter
512 1727 637 1770 nos
682 1702 1268 1768 reconciliatione.
1352 1704 1434 1764 Et
1459 1702 1818 1766 sciendum
1867 1711 1966 1766 est
1991 1708 2178 1786 quod
2225 1704 2358 1769 Co-

289 1831 437 1874 mes
477 1809 565 1871 E.
604 1804 809 1869 bonis
855 1825 989 1886 que
1032 1813 1335 1868 tenemus
1383 1825 1528 1868 non
1575 1773 2036 1890 renunciavit,
2072 1812 2192 1872 sed
2223 1829 2354 1894 pro

286 1911 459 1998 ipsis
500 1906 785 1997 gratiam
817 1903 1120 1971 nostram
1148 1897 1636 1992 prestolahitur
1672 1909 1734 1972 si
1775 1909 2046 1992 aliquid
2080 1909 2217 1971 sihi
2260 1910 2367 1979 fa-s

286 2027 444 2077 cere
474 2011 785 2075 velimus.
886 2011 1135 2076 Eidem
1180 2032 1457 2094 quoque
1494 2004 1731 2077 comiti
1780 2013 1976 2075 firma
2011 2034 2137 2077 nos
2179 2014 2361 2078 ohli-

289 2114 595 2203 gavimus
625 2114 1117 2200 promissione,
1142 2119 1330 2196 quod
1367 2120 1453 2182 de
1479 2118 1684 2181 honis
1725 2116 1864 2180 suis
1889 2136 2241 2197 nunquam
2272 2117 2358 2180 ab

288 2219 666 2282 heredibus
712 2220 853 2283 s'uis
890 2227 1197 2302 preterea
1243 2220 1513 2300 aliquid
1565 2221 1994 2302 acquiremus
2049 2241 2173 2283 nec
2227 2241 2358 2305 pro

290 2324 427 2387 hoc
456 2322 523 2384 ei
558 2341 873 2407 guerram
909 2321 1304 2384 inferamus.
1388 2325 1480 2384 Ut
1505 2331 1726 2386 autem
1753 2325 1880 2386 hee
1910 2323 2143 2386 omnia
2167 2321 2364 2386 firma
2397 2375 2412 2386 .

292 2435 741 2511 permaneant
776 2434 843 2489 et
885 2424 1183 2507 illibata,
1219 2435 1604 2508 presentem
1640 2426 1961 2521 paginam
1999 2413 2163 2489 inde
2203 2447 2365 2488 con-

292 2530 615 2613 scriptam
661 2527 898 2615 sigillo
953 2535 1189 2591 nostro
1239 2527 1566 2605 jussimus
1617 2526 2057 2592 communiri.
2141 2527 2365 2605 Hujus

290 2634 400 2696 rei
460 2640 653 2695 testes
705 2631 1003 2693 fuerunt.
1114 2616 1480 2693 Conrc‘zdus
1529 2626 1868 2703 Metenstk·
1905 2638 1975 2691 ec
2020 2625 2368 2713 Spirensis

288 2730 687 2817 Episcopus
756 2727 1137 2815 imperialis
1190 2736 1349 2797 aule
1394 2729 1881 2813 cancellarius.
1975 2733 2067 2794 H
2061 2728 2402 2796 einricus'
2479 2766 2486 2775 ι

252 2831 713 2898 -Basiliensis
767 2830 1178 2916 Episcopus.
1286 2833 1507 2919 Hugo
1562 2827 2048 2895 Marbaeenszzs
2105 2831 2180 2894 A
2184 2834 2369 2896 bbas.

292 2934 599 3000 sibertus
628 2934 871 2999 Comes
894 2935 979 2996 de
1026 2935 1134 2994 W
1126 2924 1316 2996 erda-
1378 2935 1471 2996 H
1465 2929 1764 2998 einricus
1789 2936 1876 2997 de
1905 2934 1984 2999 N
1985 2928 2169 3014 ‚zffen-
2239 2932 2370 2997 Co-

296 3060 443 3133 mes
481 3034 913 3100 Ebirhardus
953 3036 1039 3098 de
1071 3032 1520 3123 Heffinstein.
1603 3034 1983 3101 Anselmus
2030 3040 2370 3101 marscal-

304 3165 427 3206 cus
452 3144 540 3206 de
560 3142 631 3203 J
621 3134 948 3234 astingin.
1031 3135 1460 3203 Evirhardus
1504 3132 1788 3225 dapffet·
1822 3141 1908 3202 de
1961 3139 2072 3199 W
2063 3140 2371 3222 mpure-h.

302 3240 673 3313 Com-udus
698 3240 784 3302 de
822 3240 931 3300 W
923 3234 1293 3303 ineis-stetin
1337 3246 1403 3301 et
1444 3240 1569 3302 alii
1613 3260 1818 3321 quam
1860 3243 2114 3324 plures·

435 3361 682 3422 Datum
736 3358 920 3439 apud
976 3357 1445 3441 Hagenowe
1503 3377 1686 3419 anno
1745 3358 2093 3422 dominice
2149 3339 2374 3423 incar-

300 3461 608 3525 nationis
636 3456 1010 3522 millesimo
1057 3458 1522 3521 ducentesimo
1557 3458 1826 3522 decimo
1862 3480 2085 3563 non02
2129 3470 2370 3543 quarto

316 3564 593 3627 decimo
636 3562 769 3625 kal.
802 3561 1072 3624 octobr.
1053 3600 1111 3642 .,
1154 3558 1534 3624 indictione
1579 3568 1828 3623 octava.
