2909 4800
1018 388 1536 467 2215»

134 619 149 646 -·
254 558 605 657 altarium.
648 583 791 652 siue
813 576 1247 649 basilicarum
1284 584 1369 644 ab
1405 574 1768 663 episcopo‘
1747 599 1822 641 ιιι
1856 570 2048 643 cuius
2068 568 2302 643 dioceae

250 694 315 761 si
326 695 489 761 estis
512 690 879 776 accipietis.
920 689 1005 751 Si
1022 686 1304 769 quidem
1318 680 1610 771 gratiam
1643 675 1868 764 atque
1873 682 2302 747 communio-

255 820 413 863 nem
456 795 841 883 apostolicae
889 791 1063 855 sedis
1104 787 1452 852 habuerit.
1475 807 1570 849 ac
1619 784 1767 848 sine
1807 785 2139 869 prauitate
2179 806 2304 869 po·-

256 898 497 966 stillata
529 896 831 990 uoluerit
866 894 1207 957 exhibere.
1246 890 1580 973 Alioquin
1616 889 1817 952 liceat
1846 888 2048 950 uobis
2077 892 2308 959 catho-
2382 962 2386 969 .
2437 868 2444 880 ¹

250 1006 467 1068 licum
530 1021 735 1081 quem
802 995 1177 1061 malueritis
1236 995 1428 1059 adire
1499 992 1895 1055 antistitem.
1953 998 2019 1053 et
2079 993 2164 1051 ab
2221 1008 2306 1053 eo

224 1106 661 1171 sacra'menta
717 1099 863 1185 ipsa
913 1098 1267 1181 suscipere.
1326 1096 1499 1178 'Qui
1555 1116 1634 1159 ea
1697 1095 1874 1158 sedis
1923 1092 2310 1177 apostolicae

256 1191 467 1273 fultus
501 1200 893 1280 auctoritate
913 1202 1300 1297 indulgeat.
1362 1203 1536 1263 Sane
1573 1193 1754 1262 circa
1790 1198 2067 1262 cenobii
2101 1196 2330 1259 uestri·

256 1311 589 1373 ambitum
647 1305 1001 1372 occasione
1042 1305 1365 1385 qualibet
1422 1302 1742 1366 assultum
1789 1300 1943 1363 fieri
1985 1301 2311 1422 prohibe-

260 1433 435 1477 mus.
518 1412 590 1473 Si
638 1424 803 1473 uero
854 1411 1041 1495 quod
1094 1407 1269 1470 absit
1320 1406 1510 1497 forte·
1553 1402 1950 1490 contigerit.
2002 1405 2080 1467 in
2135 1403 2312 1477 atrio

262 1516 524 1580 uestro.
555 1514 684 1577 ‘uel
732 1513 811 1575 in
854 1506 1189 1575 effusione
1236 1509 1620 1594 sanguinis.
1662 1510 1776 1571 uel
1827 1508 1903 1571 in
1947 1510 2314 1572 uerborum

186 1596 192 1601 “
261 1618 593 1681 elatione.
614 1616 772 1679 siue.
786 1616 861 1678 in
886 1616 1123 1697 aliquo
1151 1612 1550 1677 huiusmodi
1572 1612 1976 1675 uiolentiam
1999 1611 2317 1697 irrogari.

267 1737 695 1801 nequaquam
726 1727 1009 1802 propter
1042 1721 1173 1781 hoc
1212 1737 1253 1777 a
1287 1716 1553 1779 diuinis
1589 1713 1871 1777 ecclesia
1905 1714 2123 1778 uestra
2155 1732 2318 1800 pro-

259 1817 895 1887 hiheatur·officiis.
938 1817 1073 1880 nisi
1108 1836 1474 1880 commune
1511 1836 1640 1900 per
1679 1818 2076 1901 parochiam
2109 1816 2322 1881 fuerit

262 1924 720 1989 interdictum.
804 1922 1027 2011 Porro·
1076 1922 1392 1983 laborum
1446 1908 1824 1982 uestrorum
1843 1964 1861 1982 .
1902 1922 2016 1984 uel
2057 1922 2321 1984 anima·
2423 1942 2430 1955 ·

267 2028 443 2091 lium
474 2025 803 2088 decimas.
847 2018 1016 2105 quae‘
1037 2042 1247 2107 penes
1296 2022 1518 2106 ipsum
1549 2023 1781 2085 locum
1817 2023 2056 2086 uestris
2095 2022 2322 2109 sump-

266 2131 479 2193 tibus.
523 2137 589 2189 et
617 2127 971 2190 laboribus
1015 2126 1450 2188 excoluntur.
1493 2126 1608 2188 uel
1652 2126 2084 2189 nutriuntur.
2127 2129 2324 2208 quie-—

265 2241 361 2296 tas
390 2232 593 2295 uobis
628 2239 695 2293 et
729 2231 1026 2291 illibatas
1062 2236 1339 2292 manere
1372 2227 1745 2292 censemus.
1787 2228 1922 2293 Nec
1958 2248 2083 2294 uos
2119 2230 2323 2315 super

267 2340 399 2399 hoc
434 2342 549 2397 aut
582 2336 667 2395 ab
712 2332 1031 2418 episcopo
1072 2332 1407 2396 eiusdem
1401 2330 1754 2394 diocesiS.
1796 2340 1910 2394 aut
1950 2335 2035 2395 ab
2083 2333 2320 2417 aliquo

129 2431 209 2530 A
269 2437 640 2522 inquietari
660 2437 1137 2522 permittimus
1180 2435 1671 2500 Concambium
1715 2441 1903 2518 quod
1940 2437 2188 2500 factum
2224 2447 2324 2502 est
2375 2447 2382 2454 '
2428 2513 2434 2520 ι

272 2542 457 2606 inter
524 2541 903 2606 ecclesiam
938 2549 1228 2603 uestram
1300 2548 1367 2602 et
1424 2539 1776 2604 ecclesiam
1831 2540 2041 2604 sancti
2105 2544 2325 2606 Galli.

242 2641 655 2729 apostolica
694 2644 1115 2728 precipimus
1180 2643 1608 2706 auctoritate.
1649 2645 1742 2712 in
1803 2666 2008 2709 omne
2067 2647 2323 2709 dehinc

210 2803 212 2806 Α
270 2758 535 2832 tempus
592 2748 1005 2810 inuiolatum
1032 2747 1255 2809 -fore.··
1306 2747 1734 2829 Sepulturam
1781 2770 2058 2831 quoque
2111 2749 2324 2833 ipsius
2394 2819 2399 2824 ⁵

275 2849 552 2915 cenobii
584 2850 875 2914 omnino
918 2833 1210 2913 liberam
1245 2848 1781 2914 sancimusesse.
1823 2858 1898 2912 ut
1932 2872 2170 2914 eorum
2199 2852 2324 2933 qui

277 2941 427 3018 illic
451 2953 753 3037 sepelliri
778 2952 1314 3016 deliberauerint
1334 2955 1728 3017 deuotioni.
1772 2961 1837 3018 et
1858 2961 2164 3016 extremae
2199 2975 2324 3020 uo-

275 3057 523 3120 luntati
566 3055 706 3118 nisi
752 3057 925 3120 forte
962 3057 1527 3120 excommunicati
1569 3055 1707 3120 sint
1759 3057 1989 3120 nullus
2036 3056 2326 3128 obsistat.

282 3153 388 3222 Ad
418 3165 567 3222 ,hec
614 3159 1013 3224 adiicientes
1063 3158 1445 3222 statuimus.
1501 3169 1576 3221 ut
1623 3147 2064 3241 quaecumque
2106 3163 2326 3224 bona.
2393 3163 2405 3169 “

272 3281 715 3344 ,quaecumque
737 3249 1181 3346 Poffesfiones
1204 3249 1496 3326 ecclesiae
1517 3262 1746 3326 uestrae
1763 3307 1780 3326 .
1821 3264 1936 3326 uel
1957 3283 1997 3324 a
2015 3263 2324 3347 predicto

279 3371 773 3431 constructore.
810 3367 923 3429 uel
954 3368 1038 3428 ab
1072 3364 1229 3429 aliis
1273 3365 1593 3429 fidelibus
1628 3370 1712 3430 de
1756 3366 1875 3430 suo
1913 3367 2062 3431 iure
2099 3369 2325 3431 oblate

112 3476 193 3604 [Γ
277 3471 393 3532 uel
441 3469 599 3532 aliis
649 3467 837 3532 iustis
875 3469 1103 3532 modis
1150 3469 1478 3549 acquisite
1538 3479 1733 3533 sunt.
1777 3478 1842 3534 et
1895 3491 2324 3554 quecumque

147 3541 173 3598 ³
278 3571 357 3652 iu
406 3572 706 3634 futurum
742 3571 1179 3636 concefl'ione
1213 3571 1653 3656 pontificum.
1693 3575 1808 3637 uel
1856 3574 2208 3638 oblatione
2243 3574 2326 3637 fi-

232 3725 237 3730 .
276 3675 542 3738 delium
575 3674 741 3740 iuste
775 3686 976 3758 atque
1016 3675 1341 3750 canonice
1380 3675 1851 3756 acquirentur.
1891 3676 2088 3742 firma
2124 3679 2326 3742 uobis

275 3774 647 3858 uestrisque
678 3767 1160 3843 successoribus
1186 3787 1258 3848 ¹et
1279 3777 1548 3842 illibata
1570 3790 2047 3862 permaneant.
2086 3803 2326 3865 quam-

278 3881 405 3944 diu
449 3881 705 3945 scilicet
751 3882 903 3945 illic
947 3880 1265 3945 canonici
1306 3880 1576 3945 ordinis
1614 3891 1812 3946 tenor
1846 3874 2134 3952 domino
2168 3905 2326 3969 pre-

274 3992 523 4050 stante.
564 3981 883 4072 uiguerit.
966 3983 1411 4068 Decernimuc
1465 4005 1628 4070 ergo
1651 3995 1755 4062 *ut
1801 3987 1984 4050 nulli
2031 3989 2320 4054 omnino
2393 4053 2396 4060 ,

279 4089 644 4153 hominum
678 4090 880 4152 liceat
917 4094 1201 4154 eandem
1236 4087 1586 4152 ecclesiam
1621 4096 1872 4155 temere
1905 4094 2323 4175 perturbare.

284 4201 421 4252 aut.
442 4192 591 4262 eius
636 4190 1079 4278 poffeffiones
1142 4193 1403 4259 auferre
1424 4233 1443 4254 .
1509 4192 1622 4256 uel
1674 4193 1924 4301 ablatas
1988 4194 2320 4262 retinere.
