2909 4800
1270 281 1740 458 μοι...

421 574 427 581 ·
469 540 723 612 nostris
776 535 1201 622 quibuslibet
1250 533 1750 610 sucqetsoribus
1797 531 1992 598 omni
2043 531 2218 598 iuris
2278 533 2546 600 auxilio

470 641 787 710 canonici
844 649 911 712 et
966 641 1197 705 ciuilis
1250 638 1488 722 scripti
1537 646 1604 700 et
1655 657 1800 702 non
1852 637 2129 720 scripti,
2181 645 2422 704 statuto
2473 647 2548 702 et

474 744 976 826 consuetudini,
1012 743 1257 808 litteris
1281 741 1655 826 impetratis
1693 740 1802 804 vel
1839 738 2288 824 impetrandis
2315 761 2356 803 a
2381 731 2548 804 sedo

470 851 840 937 apostolica
855 850 964 915 vel
980 848 1283 928 aliunde,
1312 845 1698 932 exceptioni
1715 844 1885 925 doli,
1911 845 2070 926 fori,
2092 843 2378 926 fraudis,
2395 865 2544 908 non

470 961 821 1023 numerate
850 949 1187 1036 peccunie'
1210 970 1353 1012 non
1388 948 1632 1015 tradite
1661 968 1804 1010 non
1847 947 2102 1028 solute,
2150 945 2546 1030 deceptioni

471 1060 651 1143 ultra
697 1053 1069 1124 dimidium
1108 1053 1267 1116 iusti
1300 1051 1544 1136 pretii,
1584 1048 1924 1134 beneficio
1971 1049 2418 1113 restitutionis
2463 1049 2544 1112 in

469 1153 811 1245 integrum
848 1165 921 1242 ¹et
973 1155 1299 1236 minoriS‚
1356 1175 1432 1216 ac
1473 1152 1885 1245 generaliter
1927 1153 2248 1215 omnibus
2303 1171 2546 1234 excep-

472 1263 779 1325 tionibus
830 1267 895 1322 et
935 1257 1489 1338 defensionibuS‚
1549 1253 1675 1340 per
1732 1276 1897 1338 quas
1953 1273 2231 1338 presens
2295 1251 2546 1320 instru-

470 1372 777 1428 mentum
812 1362 920 1424 vel
966 1360 1113 1443 ipsa
1166 1357 1475 1422 venditio
1515 1361 1601 1425 ad
1629 1361 1907 1442 presens
1935 1358 2045 1420 vel
2083 1356 2158 1421 in
2194 1353 2551 1439 posterum*

471 1463 933 1547 calumpniam
971 1462 1272 1543 aliquam
1305 1459 1446 1544 pati
1474 1469 1721 1544 posset.
1777 1463 1864 1522 In·
1889 1460 2093 1524 huius
2132 1457 2290 1520 facti
2330 1461 2543 1520 robur

472 1577 540 1633 et
586 1564 1004 1630 euidentiam
1051 1563 1442 1646 pleniorem
1490 1583 1616 1626 nos
1657 1561 2172 1646 prenominatus
2222 1559 2547 1624 dominus

474 1667 551 1732 C·
580 1669 802 1732 Abbas
824 1657 1011 1730 Celle
1040 1673 1262 1728 sancte
1287 1664 1506 1727 Marie
1547 1664 1746 1728 dictis
1782 1659 2026 1727 Abbati
2062 1673 2126 1729 et
2156 1663 2543 1730 Conuentui

470 1773 559 1837 de
584 1769 930 1832 Thennib.
956 1776 1299 1856 presentes
1339 1766 1594 1844 litteras
1640 1766 2054 1829 contulimus
2085 1766 2320 1851 sigillo
2359 1786 2546 1827 com-

470 1859 821 1942 munitatis
880 1858 1139 1931 ciuium
1198 1871 1282 1936 de
1328 1869 1688 1956 Friburg
1731 1877 1800 1933 et
1849 1869 2069 1932 nostri
2117 1869 2337 1956 sigilli
2388 1857 2544 1930 cha-

467 1974 723 2042 ractere
752 1969 1199 2055 consignatas·
1263 1973 1397 2034 Nos
1430 1993 1593 2035 vero
1631 1972 2036 2034 Waltherus
2085 1965 2537 2044 Cella-arius,

386 2119 391 2122 -
479 2075 561 2144 V
556 2069 812 2152 olricus
829 2071 1099 2146 Custos,
1122 2073 1374 2136 Petrus
1390 2075 1476 2136 de
1499 2075 1609 2134 W
1597 2077 1827 2156 ulptal
1840 2073 2054 2157 pbri„
2089 2071 2544 2155 Ruodolphus

471 2173 559 2240 de
579 2169 961 2260 Widz⁹ngen
984 2173 1366 2256 Diaconus9
1401 2173 1473 2236 J
1465 2173 1722 2242 acobus
1753 2181 1822 2234 et
1833 2169 2238 2238 Dietmams
2259 2175 2545 2238 Subdiffi-
2587 2171 2592 2184 '

470 2275 632 2339 coni
682 2273 1008 2340 Monachi
1060 2277 1227 2338 dicti
1270 2273 1409 2338 loci
1457 2263 1646 2338 Celle
1699 2283 1926 2338 sancte
1985 2275 2204 2345 Marie
2259 2275 2543 2340 consen-=

468 2399 617 2443 sum
656 2390 723 2445 et
748 2397 1095 2445 assensum
1125 2379 1303 2449 dicte
1346 2366 1735 2442 venditioni
1766 2377 2164 2461 prebuimus
2201 2385 2268 2442 et
2302 2379 2544 2463 prebe„

469 2472 649 2563 mus,
720 2482 1189 2565 promittentes
1235 2477 1451 2573 ipsam
1487 2487 1694 2561 prout
1735 2480 2045 2562 superius
2087 2489 2186 2550 est
2235 2503 2544 2573 expressa
2601 2494 2614 2507 ⁸

468 2601 625 2645 cum
670 2576 961 2667 singulis
1005 2583 1145 2645 suis
1198 2582 1522 2652 membris
1568 2588 1633 2645 et
1677 2578 1981 2649 articulis
2032 2592 2243 2647 ratam
2289 2588 2545 2654 habere¹

468 2693 537 2746 et
570 2688 714 2750 ιἰοιι
743 2695 977 2748 contra
1006 2685 1244 2754 venire
1279 2686 1490 2749 verbo
1517 2685 1626 2748 vel
1663 2686 1837 2751 facto
1871 2689 2079 2749 modo
2107 2685 2275 2751 vel*
2254 2690 2538 2775 ingenio

459 2802 916 2877 quocunque,
962 2807 1198 2850 omnes
1238 2786 1427 2855 enim
1465 2806 1591 2852 nos
1629 2795 1695 2850 et
1741 2787 2001 2873 singuli
2044 2789 2357 2872 superius
2409 2814 2537 2862 no

468 2890 713 2952 minati
771 2891 1022 2955 dictam
1070 2910 1318 2970 aquam
1366 2892 1451 2957 ad
1493 2910 1734 2954 manus
1785 2890 2059 2959 domini
2093 2884 2546 2967 ῘᾺὲἱηψαῙόί

466 2990 743 3061 Abbatis
778 3002 842 3055 et
877 2992 1104 3059 fratris
1124 2986 1469 3057 Heinrici
1489 2990 1769 3059 maioris
1793 2994 2149 3060 cellerarii
2173 2996 2259 3057 de
2279 2998 2536 3061 Then÷

466 3068 778 3175 nibacb
812 3093 1311 3179 resignavimus
1324 3092 1536 3175 pleno
1561 3092 1733 3159 iure.
1775 3098 1856 3164 Et
1891 3096 2053 3185 quia
2074 3120 2202 3166 nos
2225 3100 2534 3185 sigillum

464 3196 824 3278 proprium
869 3218 1013 3259 non
1070 3196 1431 3277 habemus,
1474 3195 1709 3280 sigillo
1757 3198 2002 3280 prefati
2041 3201 2252 3282 patris
2295 3223 2370 3270 ac
2413 3206 2538 3267 dos

462 3296 643 3366 mini
672 3299 888 3365 nostri
915 3299 1192 3362 Abbatis
1235 3298 1669 3381 presentibus
1708 3299 1812 3361 vsi
1837 3320 2090 3369 sumus.
2151 3306 2379 3373 Testes
2412 3310 2538 3389 qui
2652 3358 2670 3365 ,

462 3399 627 3461 huic
660 3399 1051 3471 venditioni
1093 3402 1582 3483 interfuerunt,
1625 3412 1784 3467 sunt
1822 3403 1934 3467 hi:
1990 3405 2364 3479 Johannes
2395 3412 2572 3480 Isti-m

465 3499 649 3565 cheli
702 3500 902 3568 miles
909 3546 939 3578 ,
1010 3498 1375 3590 Goffrldus
1444 3505 1531 3567 de
1585 3502 1951 3590 Her-dmin,
2017 3510 2406 3595 Stephanus
2469 3514 2542 3575 et

460 3603 889 3671 Snewelz’nus
902 3602 1180 3693 fratres
1220 3606 1399 3678 dicti
1412 3609 1826 3685 Snewelin,
1823 3604 2060 3725 Hugo
2087 3615 2174 3682 de
2205 3610 2538 3679 Crozzin-

454 3726 613 3795 gen,
660 3705 792 3768 W
762 3712 1142 3775 zllehelmus
1158 3713 1243 3774 de
1270 3714 1335 3772 T
1324 3708 1494 3774 hen
1463 3736 1688 3799 lagen,
1726 3710 1924 3779 Mein
1932 3716 2210 3780 wat-dus
2233 3718 2320 3778 de
2353 3718 2528 3779 Tho-¹

376 3840 391 3849 ·-
389 3802 819 3894 tenkosen‚
864 3812 1377 3897 Fridebrehtus,
1415 3814 1855 3881 Eberhardhs
1879 3812 2155 3881 villicus
2192 3818 2278 3880 de
2325 3818 2435 3879 W
2424 3823 2536 3881 al·-

461 3906 827 3998 tet-skofen
852 3926 918 3978 et
948 3919 1182 4001 plures
1225 3918 1348 3985 alii
1384 3916 1522 3981 fide
1556 3918 1776 4003 digni.
1852 3915 1986 3989 Nos
2025 3918 2237 4003 igitur
2269 3906 2564 3992 ,Iohan—

456 4014 579 4089 nes
635 4018 953 4098 scultetus
1011 4020 1229 4089 dictus
1292 4016 1658 4089 Reinbotce
1710 4028 1776 4087 et
1830 4022 2143 4093 consules
2193 4026 2288 4090 'de
2347 4028 2397 4095 F
2408 4024 2534 4091 ri,
