2909 4800
1093 408 1194 427 ...-
1269 375 1364 449 55
1448 396 1554 433 *a

302 561 438 623 rint
483 535 825 627 interesse.
911 564 1229 625 Preterea.
1283 563 1668 631 statuimus..
1725 570 1910 647 quod
1951 586 2220 653 semper
2266 572 2353 634 de

300 672 517 733 cetero
560 686 735 727 unus
786 666 873 728 de
914 666 1160 749 primis
1209 666 1461 751 uiginti
1506 676 1795 749 qua-tuor
1843 670 2244 735 coniuratis.
2273 682 2355 746 ¹et

301 778 432 832 tres
471 773 556 831 de
594 763 948 832 sec-undis.
993 786 1230 831 omnes
1271 770 1585 837 collectas
1636 770 1930 835 ciuitatis
1972 781 2201 835 nostre
2240 776 2355 836 de·-

293 870 458 934 bent
495 874 870 945 secundum
901 874 1086 949 quod
1122 858 1289 953 ipsis
1333 872 1743 936 rationabile
1777 875 2123 939 videbitur
2166 878 2351 939 ordi-

298 996 483 1039 nare.
566 974 956 1036 Jurauimus
1003 974 1282 1057 insuper
1317 980 1504 1061 quod
1548 976 1880 1058 quicquid
1923 984 2359 1062 postmodum

295 1097 732 1160 quocumque
773 1068 930 1137 casn
963 1078 1399 1161 contingente
1423 1120 1442 1139 .
1499 1081 1848 1141 communi
1878 1084 2237 1155 honestati
2296 1093 2363 1147 et

295 1179 578 1242 utilitati
601 1177 786 1242 uille
816 1188 1044 1242 nostre
1092 1190 1204 1243 aut
1228 1181 1626 1264 prouincie.
1670 1183 1918 1245 maiori
1952 1195 2067 1247 aut
2100 1187 2362 1252 saniori

298 1284 476 1369 parti
525 1281 987 1345 uniuersitatis
1027 1293 1290 1347 nostre.
1346 1285 1669 1369 expedire
1711 1285 1939 1347 uisum
1988 1285 2235 1347 fuerit.
2284 1286 2361 1348 in

268 1391 432 1451 -hoc
455 1387 778 1448 debemus
807 1402 1040 1447 omnes
1067 1384 1302 1447 animo
1325 1385 1710 1449 consentire
1731 1368 2102 1448 beniuolo.
2147 1395 2212 1447 et
2230 1406 2361 1468 pro

298 1510 498 1575 posse
550 1508 994 1574 personarum
1059 1496 1124 1551 et
1179 1509 1407 1552 rerum
1462 1488 1877 1552 vnanimiter
1929 1506 2365 1571 promouere.

300 1598 444 1658 Hec
472 1603 693 1656 autem
725 1592 959 1658 omnia
991 1591 1164 1655 sicut
1189 1592 1645 1677 prescriptum
1670 1599 1770 1655 est
1804 1590 2188 1655 iuramento
2215 1610 2366 1653 ver-

299 1698 549 1760 baliter
602 1695 884 1780 prestito
925 1692 1212 1759 firmiter
1257 1697 1622 1761 obseruare
1668 1694 2146 1779 promisimus.
2190 1692 2373 1758 iudi-

297 1804 522 1863 cantes
553 1818 631 1861 ea
656 1800 784 1861 sub
806 1798 1038 1863 debito
1070 1797 1374 1862 eiusdem
1398 1787 1765 1862 iuramenti
1790 1842 1809 1861 .
1850 1798 2119 1863 ciuitati.
2139 1798 2369 1864 no'stre

299 1922 426 1965 nec
471 1922 613 1963 non
642 1900 1003 1983 prouincie
1031 1902 1352 1983 prodesse
1386 1899 1615 1983 potius
1661 1921 1865 1982 quam
1903 1902 2173 1965 obesse.
2230 1900 2369 1962 Do.-

297 2003 480 2069 mini
529 2022 802 2084 quoque
857 2002 1072 2063 nostri
1097 2044 1144 2095 ,ἢ
1192 1999 1266 2064 C.
1317 1998 1593 2065 comitis
1652 1999 2167 2088 Friburgensis.
2222 2022 2371 2067 om-

297 2107 633 2185 niumque
665 2102 968 2169 nosti-um
987 2149 1007 2166 .
1049 2113 1183 2167 tam
1213 2106 1553 2168 maiorum
1584 2126 1788 2188 quam
1826 2106 2177 2169 minorum
2207 2127 2370 2169 con-
2402 2154 2417 2164 .

296 2229 538 2273 sensu.
610 2207 748 2269 hiis
798 2208 1070 2290 plenius
1122 2212 1477 2291 accedente
1504 2250 1521 2269 .
1586 2208 1661 2269 in
1716 2209 2035 2276 cancellis
2087 2210 2375 2272 ecclesie

299 2320 533 2377 nostre
560 2310 1009 2393 parochialis.
1054 2310 1128 2371 in
1173 2309 1342 2372 facie
1385 2310 1633 2393 populi
1675 2310 1957 2373 fecimus
2007 2313 2370 2396 publicari.

300 2417 628 2480 Uolentes
660 2415 904 2498 igitur.
947 2424 1022 2475 ut
1049 2413 1223 2474 uilla
1249 2422 1482 2476 nostra
1511 2413 1775 2492 diuisos
1803 2435 1844 2475 a
1873 2415 2076 2476 nobis
2094 2456 2111 2475 .
2156 2423 2219 2478 et
2246 2425 2373 2485 sta-v

204 2583 212 2590 ,
299 2522 462 2583 tutis
513 2520 760 2584 nostris
804 2516 1214 2580 contrarioS.
1270 2536 1416 2578 non
1467 2515 1757 2578 nutriat.
1814 2515 2241 2578 inhibemus.
2286 2535 2373 2582 ne

301 2627 460 2710 quis
487 2624 906 2709 presentium
930 2621 1322 2704 concinium
1346 2628 1738 2683 nostrorum
1761 2620 1876 2682 uel
1904 2639 2371 2684 successorum

303 2737 733 2794 nostrorum.
806 2722 1320 2786 constitutiones
1378 2729 1641 2784 nostras
1689 2722 2060 2804 predictas.
2126 2720 2377 2784 infrin-

303 2853 466 2920 gere
507 2835 880 2914 presumat.
937 2826 1049 2888 uel
1103 2826 1201 2887 eis
1247 2845 1414 2886 ausu
1458 2824 1819 2886 temerario
1863 2822 2223 2887 contraire.
2306 2825 2379 2885 Si

257 2963 264 2972 ·
309 2936 466 3020 quis
500 2944 723 2996 autem
768 2931 841 2993 id
879 2937 1268 3010 attemptare
1302 2927 1824 3014 presumpserit.
1896 2929 1983 2990 de
2034 2925 2377 2989 consortio

307 3050 544 3104 nostro
582 3047 679 3100 est
722 3035 798 3098 in
826 3040 1226 3116 perpetuum
1257 3036 1707 3115 separandus.
1748 3051 1790 3097 a
1836 3031 2005 3093 villa
2044 3051 2177 3094 vna
2225 3052 2379 3094 cum
2458 3065 2465 3078 ·

311 3151 449 3207 tota
482 3139 746 3203 familia
775 3137 1160 3200 eiciendus.
1205 3144 1267 3199 et
1309 3157 1414 3200 res
1450 3157 1570 3199 sue
1620 3137 1872 3200 debent
1909 3134 2172 3218 iudicio
2218 3157 2381 3199 conv

310 3245 553 3310 fiscari.
639 3245 729 3304 Ut
754 3250 975 3303 autem
1003 3243 1165 3302 hec.
1207 3240 1403 3327 nulla
1445 3241 1522 3303 in
1552 3249 1896 3324 posterum
1942 3237 2397 3301 cauillatione
2494 3317 2501 3332 ι

313 3345 768 3431 calumpniari
801 3342 1104 3404 ualeant.
1146 3361 1424 3426 presens
1469 3343 1797 3426 scriptum
1834 3339 1987 3404 fieri
2028 3351 2091 3404 et
2132 3338 2382 3424 sigillis

311 3453 742 3516 auctenticis.
797 3446 1118 3514 videlicet
1152 3447 1424 3511 domini
1470 3447 1723 3510 nostri.
1793 3443 1871 3508 C.
1917 3439 2188 3506 comitis
2232 3435 2389 3500 Fr}-

315 3552 670 3644 burgensis
768 3566 833 3621 et
909 3564 1177 3620 nostr0.
1253 3555 1539 3617 fecimus
1604 3547 2043 3616 communiri.
2086 3545 2387 3606 Actum

310 3662 633 3747 publice.
693 3662 769 3724 in
805 3659 1145 3745 presentia
1193 3659 1465 3722 domini
1523 3655 1741 3719 nostri
1796 3651 1869 3717 C.
1916 3641 2191 3714 comitis
2233 3639 2389 3706 Fri.

318 3762 706 3854 burgensis.
751 3765 826 3828 in
878 3762 1216 3828 cimiterio
1254 3769 1430 3826 ante
1447 3760 1708 3823 curiam
1752 3751 2024 3820 domini
2067 3747 2396 3842 Rvodofi

317 3871 603 3959 plebani
634 3868 874 3937 nostri.
937 3870 1135 3937 Anno
1167 3875 1230 3930 et
1260 3883 1491 3929 mense
1519 3847 2015 3946 suprascriptis·
