2909 4800
1160 397 1465 481 2--101
1521 379 1626 460 2-ss-
1697 413 1705 424 “

1177 548 1592 662 ΧΧΧὲιτιι
1885 605 1892 610 ·
2119 625 2126 630 -
2195 623 2200 631 ,

370 713 377 718 ’
494 711 1006 850 ἓΒειΐαιιῖ
1046 721 1331 818 ciaet
1390 689 2278 854 Ξίξαῖΐεεῑείτιιης.

1068 884 1211 958 (ιο.Ι
1255 892 1441 956 aaut
1493 887 1727 962 128⁴.)

360 1099 534 1212 Nos
581 1136 995 1215 Cuonradus
1030 1151 1276 1217 diuina
1302 1153 1739 1222 miseratione
1764 1161 1986 1225 Abbas
2016 1169 2081 1227 et
2111 1166 2427 1232 Conuen-

358 1256 471 1314 tus
508 1253 699 1316 Celle
750 1264 1002 1320 sancte
1018 1258 1235 1324 Marie
1284 1259 1362 1323 in
1420 1263 1618 1358 nigra
1670 1261 1846 1326 silua
1893 1265 2178 1331 Ordinis
2213 1272 2429 1336 sancti

354 1341 720 1438 Augustini
770 1359 1113 1421 Constant.
1160 1359 1447 1426 Dioeces.
1511 1371 1751 1426 notum
1798 1365 2082 1432 facimus
2152 1373 2430 1439 vniuer-

358 1455 457 1520 Sis
502 1465 571 1522 et
617 1459 913 1545 singulis
944 1463 1377 1546 presentibus
1416 1473 1484 1530 et
1521 1467 1816 1552 posteris
1856 1483 2203 1555 presentes
2254 1477 2434 1544 litte-
2506 1529 2526 1552 „

356 1579 468 1623 ras
518 1560 947 1646 inspecturis.
1044 1565 1251 1648 Quod
1310 1587 1439 1635 nos
1477 1569 1676 1654 graui
1716 1574 2011 1640 honere
2033 1563 2428 1646 debitorum

358 1663 581 1727 nostri
608 1665 1013 1730 monasterii
1033 1657 1422 1759 pregrauati
1454 1673 1809 1742 communi
1841 1693 2048 1760 super
2074 1681 2208 1744 hoc
2244 1680 2430 1747 inter

355 1784 485 1828 nos
521 1765 755 1830 habito
793 1768 1089 1838 consilio
1142 1791 1271 1838 nec
1307 1793 1454 1842 non
1497 1774 1782 1843 vtilitate
1827 1779 2046 1844 nostri
2093 1793 2428 1851 monaste

276 1925 291 1944 ,
354 1867 452 1932 'rii
492 1868 951 1954 considerata,
1009 1893 1085 1936 ae
1122 1876 1466 1940 omnibus
1512 1887 1578 1944 et
1619 1878 1913 1965 singulis
1959 1859 2458 1968 consideratis,-

356 1989 487 2056 pro
534 1970 719 2036 dicto
768 1975 1159 2039 debitorum
1216 1979 1480 2050 honere
1533 1981 1909 2051 releuando
1973 2005 2133 2050 eum
2167 1991 2430 2054 „cotidie

360 2093 567 2165 usure
614 2095 822 2160 super
868 2098 1017 2140 nos
1046 2083 1231 2163 apud
1264 2069 1520 2150 Judeos
1559 2090 1624 2152 et
1664 2085 2138 2158 Canwercinos
2179 2109 2433 2158 accres-

360 2189 623 2264 cerent,
666 2203 873 2266 super
898 2184 1149 2265 quibus
1186 2187 1437 2255 debitis
1476 2196 1541 2250 et
1575 2189 1799 2254 usuris
1834 2192 2043 2254 nobis
2077 2193 2434 2260 consulere

360 2283 747 2368 cupientes,
804 2305 957 2365 eum
1006 2285 1172 2353 alias
1223 2287 1349 2354 ista
1390 2309 1534 2352 non
1595 2310 1944 2372 possemus
2003 2296 2433 2363 commodius

358 2387 691 2469 releuare,
720 2406 969 2469 aquam
1006 2396 1309 2454 nostram
1344 2409 1468 2455 seu
1491 2390 1766 2483 alueum
1793 2402 2124 2475 nostrum,
2164 2418 2298 2479 que
2322 2399 2432 2467 vel

360 2491 488 2571 qui
528 2494 883 2576 quondam
932 2488 1009 2559 in
1064 2500 1339 2575 pratum
1374 2502 1686 2563 nostrum
1729 2496 1986 2559 dietum
2026 2501 2150 2567 'des
2179 2502 2434 2566 Heldes

358 2595 566 2657 Maste
608 2594 967 2663 defluebat.
992 2593 1391 2662 reuerendis
1439 2593 1516 2663 in
1549 2596 1820 2673 Christo
1845 2598 2090 2671 Abbati
2135 2609 2202 2662 et
2255 2604 2434 2667 Con-

361 2695 604 2780 uentui
639 2699 727 2763 de
759 2689 1211 2767 Thennibach
1246 2699 1534 2767 Ordinis
1563 2699 1836 2767 Cisterc.
1869 2704 2216 2771 Constant.
2249 2706 2436 2775 Dioe-
2470 2690 2479 2705 “

362 2820 517 2863 ees.-
534 2820 665 2889 pro
706 2801 923 2867 XVII
916 2802 1193 2873 marcis
1220 2802 1383 2886 puri
1428 2809 1494 2865 et
1527 2804 1768 2887 legalis
1797 2804 2064 2889 argenti
2101 2805 2430 2889 ponderis

362 2876 739 2985 Friburg.
794 2901 1231 2970 vendidimus
1305 2902 1730 2973 tradidimus
1769 2913 1838 2969 et
1884 2906 2199 2977 dedimus
2275 2925 2432 2967 cum

322 3048 329 3052 -
360 3002 560 3069 omni
602 3001 755 3069 iure
798 3011 865 3069 et
906 2990 1227 3070 omnihus
1266 2978 1704 3087 pertinentiis
1745 2999 1920 3071 sieut
1974 3026 2128 3071 nos
2141 3004 2434 3074 eandem

360 3126 609 3195 aquam
652 3106 1017 3176 habuimus
1052 3116 1118 3171 et
1156 3108 1626 3191 possedimus,
1681 3111 2068 3173 habendam
2115 3112 2454 3174 vtendanr

362 3212 729 3275 tenendam
758 3228 834 3275 ac
860 3209 1293 3297 proprietatis
1328 3210 1528 3274 titulo
1563 3212 2051 3296 perpetualiter
2074 3213 2434 3297 possiden·
2499 3258 2506 3263 ·

364 3316 559 3393 dam,
623 3313 807 3397 ipsos
857 3312 932 3379 in
956 3312 1411 3396 -corporalem
1450 3313 1954 3397 possessionem
2019 3314 2198 3381 dicte
2257 3333 2434 3395 aque

362 3424 435 3479 et
473 3414 659 3479 aluei
702 3414 1124 3481 inducentes.
1228 3414 1413 3481 Dicti
1450 3416 1641 3485 enim
1680 3418 1902 3484 Abbas
1941 3425 2008 3481 et
2043 3420 2438 3506 conuentus

267 3544 271 3553 ·
370 3521 460 3581 de
498 3518 846 3584 Thennib.
892 3537 935 3579 a
969 3517 1175 3581 nobis
1208 3526 1274 3580 et
1314 3525 1550 3585 nostro
1595 3520 2009 3583 monasterio
2051 3540 2182 3603 pro
2229 3540 2438 3583 censu

342 3641 599 3687 -annuo
626 3621 948 3687 videlicet
973 3635 1114 3705 pro·
1138 3622 1291 3687 XIX
1324 3621 1582 3704 modiis
1601 3620 1905 3705 siliginis
1939 3621 2158 3706 ipsam
2190 3642 2459 3705 aquam·

363 3747 493 3809 per
512 3726 633 3788 XX
662 3745 879 3789 annos
916 3734 981 3791 et
990 3723 1297 3813 amplius
1320 3732 1707 3797 tenuerunt.
1789 3716 2198 3791 Profitemur
2233 3724 2438 3789 etiam

362 3827 831 3930 presentibus,
854 3828 1058 3894 nohis
1082 3814 1351 3895 easdem
1372 3828 1560 3894 XVII
1579 3846 1830 3891 marcas
1844 3826 1992 3891 fore
2014 3825 2440 3911 integraliter

346 3923 772 4015 persolutas‚
810 3938 875 3991 et
902 3930 977 3993 in
1004 3929 1365 3995 utilitatem
1392 3928 1611 3998 nostri
1639 3929 2036 3995 monasterii
2059 3948 2464 4010 conuersaS‚.

370 4033 847 4132 promittentes
869 4032 1347 4096 mihilominus
1388 4030 1558 4114 ipsis
1597 4034 1684 4095 de
1727 4030 1906 4092 dicta
1945 4051 2124 4112 aqua
2163 4034 2442 4093 Waran-

367 4136 556 4226 giam
600 4138 787 4211 bona
832 4134 993 4205 fide.
1076 4135 1583 4209 Renunciamus
1629 4133 1914 4227 insuper
1945 4156 2074 4219 pro
2117 4133 2322 4199 nobis
2367 4140 2440 4197 et
