2909 4800
1302 355 1763 470 „ag-..2

504 594 616 652 tur
646 582 1102 672 'praeniibus
1143 582 1470 668 apposite
1487 623 1512 663 ‚
1579 597 1746 662 quas
1803 575 1880 642 in
1929 573 2220 644 diversit
2267 575 2576 670 partibus

506 688 722 774 ipsius
776 685 1007 772 operis
1056 684 1391 750 invenies.

402 851 409 861 '
502 846 573 905 In
607 849 784 908 altera
817 842 1045 904 scedula
1076 841 1246 906 verba
1278 841 1571 924 sequentia
1601 839 1965 923 legebantur=

654 963 982 1034 Noverint
1038 964 1338 1030 vniversi
1393 984 1692 1045 quorum
1757 963 2070 1046 interest,
2148 969 2337 1046 quod
2390 985 2577 1030 anno

510 1073 657 1144 dni.
706 1068 893 1136 1489.
928 1076 1325 1148 renovatum
1369 1075 1466 1130 est
1501 1067 1681 1129 illud
1739 1067 2136 1130 clenodium
2179 1075 2578 1150 argenteum

508 1179 589 1242 in
655 1172 1013 1261 superficie
1078 1174 1508 1250 deauratum,
1587 1177 1653 1232 et
1722 1170 2012 1233 scedulae
2094 1179 2578 1253 repraesentan·
2643 1195 2654 1207 ⁴

514 1287 609 1343 tes
663 1277 866 1341 nohis
925 1274 1253 1359 reliquias
1302 1272 1660 1336 existentes
1698 1272 1774 1338 in
1823 1277 1956 1336 hoc
1998 1273 2321 1336 clenodio
2373 1293 2576 1336 reno-

503 1391 665 1446 vatae
700 1387 881 1442 sunt.
962 1379 1047 1438 In
1086 1375 1277 1456 cujus
1323 1375 1682 1460 praesentia
1703 1375 1848 1436 'fuit
1883 1376 2299 1439 venerahilis
2333 1370 2586 1460 vi'r'M.

505 1482 800 1547 Michael
834 1483 921 1542 de
958 1479 1293 1542 Rischach
1317 1479 1566 1570 Rector
1600 1478 1914 1541 Ecclesiae
1951 1489 2191 1542 extunc
2222 1478 2298 1542 in
2326 1479 2582 1566 Villiu-

503 1604 675 1672 gen,
718 1593 783 1648 et
823 1585 973 1644 Joa.
1016 1584 1321 1644 Herman
1377 1581 1702 1668 Magister
1751 1579 2038 1664 civium,
2098 1585 2247 1654 Joa.
2279 1585 2480 1646 Sutor
2514 1588 2583 1648 et

503 1694 653 1753 Joa.
684 1683 768 1750 de
802 1681 1194 1748 Franekfort
1240 1692 1714 1768 procuratores
1760 1675 2072 1748 Ecclesiae
2125 1685 2201 1750 in
2240 1684 2583 1770 presentia

507 1789 816 1876 Magistri
856 1784 1209 1849 Laurentii
1249 1784 1599 1850 Adiutoris
1644 1784 1720 1848 in
1757 1783 2138 1874 villingen.

678 2166 687 2178 ·
1430 2159 1709 2238 xm·

698 2393 702 2398 -
814 2269 2284 2435 setostetecbe115awsen.

1206 2486 1349 2557 (21.
1396 2492 1587 2555 sunt
1635 2488 1874 2561 1270.)

516 2784 913 2893 Vniuersis
936 2828 1003 2886 et
1028 2818 1323 2908 singulis
1342 2830 1729 2906 presentem
1749 2822 2043 2887 litteram
2075 2820 2485 2906 inspecturis
2503 2850 2598 2869 --

522 2924 1070 2997 Commendatoz·
1086 2932 1156 2984 ec
1172 2916 1446 3011 fratres
1476 2924 1724 2987 domus
1753 2934 1996 2987 sancte
2028 2921 2282 3001 Marie,
2299 2917 2590 2984 teutoni-

522 3048 761 3095 corum
800 3021 875 3088 in
908 3020 1204 3111 Friburg
1237 3026 1776 3109 subscriptorum
1813 3027 2125 3091 notitiam
2159 3048 2314 3089 cum
2356 3026 2595 3087 salute.

522 3130 617 3199 Ea
648 3130 780 3210 qu'e
812 3122 986 3189 fiunt
1034 3129 1215 3217 aplud
1253 3124 1606 3209 homineS,
1650 3148 1739 3191 ne
1780 3149 2100 3213 processu
2137 3128 2461 3212 temporis
2492 3128 2593 3189 la·-

522 3238 773 3297 hantur
820 3229 896 3292 in
942 3227 1326 3292 obliuionis
1375 3230 1730 3294 interitum
1765 3230 2251 3316 scripturarum
2297 3230 2598 3293 testimo-

525 3336 665 3401 niis
722 3340 1225 3422 consueuerunt
1274 3334 1607 3397 memorie
1663 3335 2154 3397 commendari.
2263 3334 2600 3397 Nouerint

525 3439 738 3526 igitur
772 3445 905 3498 tam
946 3442 1291 3517 presentes
1335 3456 1542 3517 quam
1590 3434 1840 3521 futuri,
1895 3440 2083 3520 quod
2138 3456 2266 3501 nos
2311 3437 2600 3500 vtilitate

524 3548 769 3607 domus
799 3537 1052 3601 'nostre
1096 3537 1399 3622 inspecta
1443 3539 2059 3627 sev-considerata,
2101 3540 2345 3604 curtim
2392 3554 2600 3611 ‚vnam

446 3720 457 3736 Ι
529 3646 605 3708 in
654 3639 1271 3725 Ofmenningen
1326 3649 1391 3703 et
1450 3659 1585 3704 xvr.
1640 3642 1885 3727 jugera
1924 3648 2245 3727 agrorum
2299 3638 2599 3703 dimidio

526 3746 791 3827 minus2
825 3764 957 3826 que
986 3744 1153 3839 eolit
1186 3752 1251 3807 et
1283 3745 1498 3807 coluit
1517 3744 1734 3807 dictus
1757 3744 2032 3819 Has-er,
2062 3742 2604 3809 vendidimus—-

522 3841 884 3913 ‘Priorasse
910 3854 980 3909 et
1010 3843 1382 3925 conventui
1414 3842 1832 3911 monasterii
1871 3844 1945 3911 in
1983 3844 2058 3910 A
2061 3848 2436 3911 delnhusen
2471 3863 2603 3928 pro

532 3974 634 4016 ιι.
668 3950 911 4029 mareis
942 3936 1238 4034 argenti,
1282 3952 1469 4030 quod
1499 3957 1852 4035 argentum
1889 3950 1965 4013 in
2004 3970 2156 4014 vsus
2201 3954 2428 4012 nostre
2478 3949 2606 4009 do·-

538 4072 687 4116 mus
722 4052 1039 4113 duximus
1061 4054 1615 4115 convertendum.
1657 4053 1882 4135 Quare
1907 4053 2378 4116 renuntiamus
2407 4045 2606 4111 omni

526 4154 708 4236 juri,
740 4156 928 4236 quod
962 4152 1163 4219 nobis
1182 4138 1299 4219 stiv
1316 4160 1547 4220 nostre
1573 4155 1812 4219 domui
1839 4156 2260 4241 competebat
2287 4153 2362 4217 in
2395 4147 2606 4215 honis
