2909 4800
1314 405 1772 489 „26⁶-

511 677 913 751 nider-iem
976 687 1111 752 Dei
1174 689 1393 775 gratia
1452 695 1928 758 Romanorum·
1991 695 2135 758 Rex
2192 699 2258 758 et
2310 709 2580 782 semper

598 788 931 871 Augustus
978 799 1051 864 ,et
1114 795 1259 857 Rex
1308 794 1586 876 Sicilie3
1651 796 1918 861 dilectis
1976 796 2236 861 devotis
2293 801 2578 866 sculteto

474 893 539 957 t
596 891 995 957 consulibus
1038 904 1103 960 et
1146 897 1482 963 universis
1537 901 1992 986 burgensibus
2036 905 2123 964 de
2163 905 2437 967 Berno
2483 904 2578 968 in

594 994 1133 1080 Burgundia,
1172 999 1460 1084 gratiam
1501 1020 1693 1066 suam
1737 1011 1806 1067 et
1845 1021 2053 1068 omne
2092 1004 2380 1068 bonum.

479 1149 507 1242 3
1408 1161 1588 1221 Attio.
1611 1169 1684 1222 ..1

490 1281 500 1324 ι
916 1250 925 1293 ·’
1145 1257 1238 1322 De
1273 1263 1532 1324 libertate
1551 1263 1946 1344 burgensium.

622 1371 852 1454 Quum
866 1370 1321 1436 Bet-chtoldus
1334 1372 1507 1436 Dux
1519 1370 1854 1460 Zaringie
1866 1376 2159 1458 burgum
2193 1374 2280 1435 de
2299 1373 2350 1432 B
2366 1388 2404 1434 e
2417 1391 2454 1433 r
2466 1391 2514 1434 n
2532 1392 2574 1436 o

506 1475 881 1540 construxit
904 1497 1064 1537 cum
1088 1475 1283 1538 omni
1303 1476 1646 1558 libertate,¹
1672 1497 1811 1560 qua
1837 1475 2204 1540 Com-udus
2231 1479 2282 1538 F
2297 1475 2434 1538 rib
2449 1496 2496 1534 u
2513 1497 2580 1536 r·-

505 1601 686 1643 oum
726 1580 819 1642 in
860 1577 1249 1664 Brisgaw
1281 1581 1685 1664 construxit,
1724 1602 1802 1646 ac
1819 1581 2131 1646 libertate
2151 1579 2434 1644 donavit
2473 1597 2576 1641 se-

503 1681 1109 1777 cundumjusssuol
1123 1682 1275 1748 oni
1295 1703 1335 1748 e
1352 1704 1401 1746 n
1418 1703 1453 1746 s
1469 1683 1500 1746 i
1513 1705 1547 1748 s
1581 1683 1904 1766 civitatis,
1919 1678 2246 1748 Hearico
2275 1683 2572 1766 impera-
2591 1677 2606 1698 ²

500 1791 651 1850 tore
672 1784 1137 1868 confirmanteq
1160 1795 1227 1850 et
1252 1787 1513 1852 cunctis
1542 1789 1978 1875 principi-bus
2005 1805 2260 1851 corone
2285 1786 2576 1850 ‘romani

501 1887 815 1972 imperii,
878 1889 1002 1971 qui
1062 1889 1342 1954 aderant
1364 1934 1386 1975 ,
1445 1893 2066 1972 consentientibus3
2126 1899 2365 1954 notum
2424 1890 2578 1953 fieri

402 2003 411 2014 ’
499 1989 817 2055 volumus
856 1989 1155 2056 vobis'et
1190 1993 1525 2058 universis
1552 2004 1936 2082 presentem
1955 1995 2277 2080 paginam
2309 1996 2575 2077 inspee-

497 2089 704 2153 iurisz
769 2097 957 2174 quod
1002 2114 1133 2159 nos
1180 2097 1572 2162 auctoritate
1634 2099 1821 2186 regie
1867 2099 2295 2162 celsitudinis
2351 2091 2576 2182 ipsum

497 2201 794 2288 burgum
816 2205 904 2266 de
933 2207 982 2264 B
998 2223 1147 2266 ern
1162 2223 1205 2266 o
1232 2211 1297 2266 et
1318 2204 1672 2272 universos
1698 2183 2088 2298 burgenses,
2105 2201 2368 2264 ibidem
2390 2221 2574 2262 nune

498 2315 996 2371 commorantes
1050 2313 1119 2368 et
1164 2309 1605 2390 postmodum
1658 2305 1827 2370 illue
1880 2311 2426 2386 {transmeanteQ
2457 2345 2462 2350 ·
2491 2302 2584 2378 in·

494 2419 809 2483 nostrum
848 2420 916 2477 et
972 2409 1269 2494 imperii'
1312 2412 1590 2475 romani
1645 2410 2032 2475 dominium
2082 2408 2460 2493 recepimus
2507 2417 2575 2471 et

495 2516 1008 2591 defensionem3
1064 2514 1141 2575 in
1200 2522 1608 2598 perpetuum
1664 2532 1784 2577 vos
1829 2513 2090 2577 liberos
2135 2512 2456 2575 facientes
2501 2519 2572 2574 et

492 2625 801 2701 posteros
840 2622 1093 2680 vestros
1112 2657 1133 2697 ‚
1172 2622 1239 2678 et
1277 2615 1700 2679 absolventes
1734 2616 1820 2677 ab
1855 2615 2049 2679 omni
2077 2615 2340 2679 servitii
2381 2634 2572 2678 exae-

492 2715 723 2802 tione,
764 2716 1226 2802 quaoppressi
1262 2718 1522 2814 fuistis,
1566 2717 1706 2799 nisi
1747 2708 1970 2793 tamen
2015 2738 2055 2779 a
2094 2706 2300 2782 censu
2329 2721 2571 2781 domo-

490 2840 651 2885 rum
690 2830 758 2887 et
776 2842 1085 2887 arearum
1112 2830 1520 2904 vestrarum,
1562 2822 1885 2902 videlicet
1919 2824 2004 2885 de
2055 2816 2359 2903 qualibet
2393 2840 2571 2902 area,

402 2906 420 2916 ”
494 2930 767 2988 centum
802 2926 1011 3007 pedes
1037 2924 1113 3006 in
1137 2926 1574 3010 longitudine
1621 2936 1685 2989 et
1725 2926 2068 3011 sexaginta
2107 2924 2184 2987 in
2207 2924 2569 3009 latitudine

491 3026 819 3107 habente,
858 3026 1009 3088 XII.
1052 3027 1371 3094 denarios
1420 3014 1678 3097 usualis
1717 3039 1988 3093 monete
2037 3026 2326 3112 singulis
2365 3025 2570 3092 annis

493 3130 583 3191 de
628 3128 848 3192 fundo
897 3129 1177 3213 imperii
1229 3130 1722 3217 persolvendo:
1763 3152 1890 3216 per
1933 3132 2124 3210 cujus
2171 3125 2414 3195 census
2455 3148 2568 3193 so-

491 3228 831 3298 lutionem
866 3230 986 3300 ‘vos
1014 3242 1095 3299 ,et
1140 3243 1445 3316 posteros
1477 3244 1748 3303 vestros·
1767 3236 2026 3309 liberos
2067 3254 2210 3301 esse
2248 3236 2567 3302 volumus

490 3334 578 3395 ab
628 3335 824 3397 omni
878 3338 1013 3400 alia
1058 3335 1319 3401 servitii
1368 3336 1720 3401 exactione
1769 3358 1812 3400 a
1858 3339 2062 3401 nobis
2115 3335 2570 3401 enm-cunetis

488 3437 986 3503 successoribus
1035 3439 1316 3527 nostris,
1360 3438 1472 3501 vel
1516 3438 1764 3503 nostris
1807 3441 2109 3520 vicarii&
2155 3448 2222 3503 et
2253 3441 2435 3502 hanc
2476 3434 2568 3498 li-

490 3528 816 3605 bertatem
870 3550 935 3603 et
972 3540 1472 3607 immunitatem
1507 3546 1701 3609 vobis
1739 3555 1804 3609 et
1837 3546 2127 3667 posteris
2163 3544 2399 3607 vestris
2435 3560 2565 3632 po-

424 3636 436 3649 '
490 3643 718 3709 testate
759 3626 949 3729 regia
994 3642 1495 3712 confirmamus.

1387 3815 1564 3877 Attio
1597 3826 1652 3880 2.

1059 3916 1151 3979 De
1186 3918 1564 3981 immedietate
1598 3918 1976 4001 burgensium.

542 4000 549 4019 ἱ
614 4028 1075 4115 Promittimus
1110 4030 1313 4096 etiam
1342 4033 1536 4097 vobis
1567 4041 1632 4095 et
1654 4032 1946 4116 posteris
1983 4030 2217 4096 vestris
2242 4026 2561 4110 firmiter,

492 4132 677 4213 quod
724 4129 946 4218 ipsum
982 4135 1275 4219 burgum
1310 4138 1394 4199 de
1430 4139 1708 4198 Berno
1755 4156 1910 4199 cum
1937 4134 2130 4200 omni
2169 4137 2436 4200 honore
2487 4143 2558 4199 et
