2909 4800
1164 382 1632 456 -35-.„

1224 571 1402 635 Attio.
1442 574 1533 635 33.
1608 616 1614 623 -

1024 656 1118 725 De
1149 662 1218 723 νί
1247 677 1300 723 et
1337 661 1557 745 injuria
1590 652 1783 757 illata,

475 760 546 838 Si
569 770 932 857 burgensis
957 773 1067 841 vel
1089 778 1336 857 hospes
1374 773 1450 835 in
1480 772 1746 837 civitate
1780 774 2085 838 residens
2116 770 2418 858 aliquem

351 870 703 935 concivem
765 873 965 939 suum
1020 875 1128 938 vel
1178 876 1518 959 hospitem
1562 878 2091 943 commorantem
2131 883 2420 965 ceperit,

348 983 464 1034 aut
520 976 672 1059 capi
719 986 834 1037 aut
877 977 1163 1060 spoliari
1219 980 1716 1061 procuraverit,
1776 1002 1975 1045 omne
2024 985 2419 1067 dampnum,

349 1078 537 1154 quod
583 1078 761 1139 lesus
801 1077 1194 1155 juramento
1238 1080 1346 1141 vel
1386 1080 1658 1142 idoneis
1698 1081 1971 1143 testibus
2012 1087 2419 1165 probaverit,

347 1192 420 1236 se
454 1197 580 1259 per
618 1172 750 1240 hoc
797 1180 1196 1262 incurrisse,
1242 1174 1441 1243 debet
1476 1181 1540 1243 ei
1576 1183 1995 1265 persolvere,
2042 1194 2104 1245 et
2139 1186 2419 1268 insuper

348 1281 742 1342 emendabit
787 1284 1068 1345 sculteto
1117 1291 1246 1345 tres
1290 1283 1503 1345 libras
1554 1291 1619 1344 et
1662 1288 1789 1344 tres
1835 1287 2311 1365 conquerenti3
2355 1294 2420 1348 et

349 1382 543 1459 q'uasi
569 1381 878 1447 falsarius
924 1406 1197 1447 omnem
1235 1387 1572 1448 honorem
1609 1405 1807 1446 suum
1846 1387 2418 1469 debet'amittere,

349 1488 413 1542 et
433 1499 571 1589 ¹pro
600 1487 923 1551 traditore
963 1490 1048 1551 de
1082 1495 1303 1551 cetero
1343 1488 1667 1575 reputari.
1968 1478 1971 1483 ’

1228 1668 1405 1732 Attici
1441 1672 1477 1732 5
1504 1698 1531 1730 '-

638 1756 732 1821 De
748 1758 979 1841 jurgiis
1013 1760 1073 1819 in
1107 1750 1333 1819 civitate
1368 1671 1517 1817 inte}-
1546 1758 1844 1851 burgenses
1876 1755 2107 1818 exortis.

467 1870 537 1932 Si
573 1873 710 1933 duo
739 1858 1105 1955 burgenses
1142 1844 1324 1950 inter
1357 1889 1427 1930 se
1467 1867 1664 1930 rixati
1707 1868 1782 1929 in
1812 1866 2078 1929 civitate
2115 1867 2412 1932 invicem

339 1973 855 2056 ‚depilaverint,.
885 1982 998 2033 aut
1044 1972 1534 2055 percusserint,
1579 1969 1701 2051 qui
1748 1970 2024 2033 testibus
2070 1974 2413 2037 convictus

341 2076 548 2137 fuerit
581 2076 788 2137 fuisse
827 2083 1093 2156 auctor,
1139 2076 1531 2138 emendabit
1568 2075 1849 2137 sculteto
1895 2084 2025 2138 tres
2062 2074 2305 2158 libras,
2351 2084 2415 2140 et

339 2184 470 2239 tres
497 2178 978 2258 conquerenti,
1013 2160 1191 2239 ’alter
1217 2199 1360 2239 non
1398 2166 1807 2239 emendabit.
1890 2178 1962 2241 Si
1992 2188 2212 2267 autem
2242 2200 2281 2239 a
2312 2180 2416 2265 vif·

341 2279 516 2341 cinis
559 2278 735 2358 suiS,
781 2288 1138 2358 antequam
1188 2262 1394 2338 causa*
1424 2274 1511 2339 ad
1544 2278 1886 2353 judicium
1931 2281 2227 2362 venerit,
2271 2282 2416 2344 fue·-

335 2372 482 2444 rint
509 2376 970 2462 reconciliati,
1009 2403 1150 2444 non
1179 2389 1495 2442 tenentur
1508 2373 1730 2456 judici
1755 2391 1957 2464 super
1979 2380 2109 2443 hoc
2134 2395 2428 2470 respon--¹

339 2487 535 2564 dere,
580 2483 720 2545 sive
750 2487 824 2546 in
851 2483 1116 2546 civitate
1141 2472 1388 2545 factum
1421 2477 1657 2562 fuerit,
1701 2483 1807 2543 vel
1836 2492 2039 2544 extra.
2092 2483 2162 2544 Si
2190 2492 2413 2546 autem

340 2607 536 2650 causa
571 2573 765 2671 prius
818 2581 904 2648 ad
934 2582 1278 2662 judicium·
1325 2605 1452 2667 per
1490 2584 1996 2666 querimoniam
2035 2585 2415 2665 devenerit,

338 2697 483 2753 non
523 2697 743 2773 potest
776 2688 940 2750 sine
951 2683 1220 2764 judicio
1265 2696 1330 2748 et
1354 2686 1614 2763 judicis
1655 2687 2003 2776 voluntate
2039 2687 2416 2749 terminari.

1223 2864 1401 2926 Artlc.
1438 2869 1529 2928 35.

677 2954 771 3014 De
787 2946 1015 3038 jurgiis
1050 2965 1218 3014 extra
1253 2955 1547 3015 chitatem
1580 2953 1731 3012 inter
1760 2945 2090 3033 burgenses:

465 3063 536 3138 Si
573 3067 711 3128 duo
739 3067 1109 3146 burgenses
1143 3061 1347 3125 amici
1375 3063 1615 3124 urbem
1653 3061 1976 3141 exierint,
2021 3070 2087 3123 et
2115 3060 2411 3126 invicem

338 3164 642 3227 altercati
670 3160 1122 3250 depilaverint
1144 3165 1438 3229 invicem
1462 3174 1577 3225 aut
1586 3163 2061 3253 percusserint,
2084 3166 2205 3244 qui
2233 3168 2414 3229 testi·
2451 3173 2459 3184 “

335 3263 466 3328 bus
509 3267 855 3332 convictus
892 3269 1099 3332 fuerit
1133 3278 1366 3332 auctor
1407 3267 1649 3348 fuisse,
1694 3267 2085 3330 emendabit
2122 3272 2407 3333 sculteto

337 3378 470 3433 tres
507 3371 806 3452 solidos»,
849 3373 1020 3434 alter
1055 3386 1218 3434 non·-
1314 3369 1394 3442 Sil
1419 3390 1581 3447 vero
1620 3360 1891 3430 inimici
1935 3369 2125 3451 prius
2165 3364 2409 3434 urbem

338 3475 604 3557 egressi,
616 3474 910 3560 invicem
927 3472 1381 3557 depilaverint
1393 3513 1414 3553 ,
1434 3470 1924 3555 percusserint,
1961 3478 2073 3530 aut
2093 3470 2406 3532 vulnera-

334 3577 592 3659 verint,
616 3597 736 3640 seu
759 3569 1166 3656 occiderint,
1193 3578 1479 3655 eandem
1506 3592 1751 3657 penam
1768 3558 2171 3653 sustineant,
2201 3581 2403 3654 quam

321 3678 773 3762 ⁴meruissent,
815 3679 876 3743 si
920 3680 996 3742 in
1031 3679 1296 3742 civitate
1328 3678 1577 3740 factum
1604 3674 1859 3738 fuisset.
1958 3723 1963 3733 .

1210 3845 1384 3906 Artic.
1421 3836 1512 3906 36.

698 3931 792 3993 De
807 3929 1033 4015 jurgiis
1069 3922 1217 3992 inter
1247 3945 1581 3990 extraneum
1610 3939 1665 3990 et
1693 3920 2035 4010 burgensem«-

465 4045 538 4107 Si
569 4041 924 4130 burgensis
955 4051 1345 4106 extraneum
1380 4051 1563 4103 extra
1589 4043 1827 4103 urbem
1852 4035 2285 4125 percusserit,
2327 4049 2395 4106 et

341 4136 464 4205 ille
493 4149 624 4209 hoc·
651 4145 726 4208 in
752 4145 1016 4209 civitate
1050 4151 1454 4224 conquestus
1488 4144 1723 4225 fuerit,
1763 4144 1949 4206 nihil
1976 4145 2042 4208 ei
2064 4147 2392 4228 proderit.

1498 4245 1627 4314 3*
