2909 4800
1075 442 1181 468 0-
1260 411 1357 488 65
1434 441 1541 465 .--

281 585 437 671 cuni
473 591 614 668 suis
658 601 1421 687 complicibus·scilicet
1469 596 1822 664 Heinrico
1869 598 2343 696 deBiengen,

287 710 399 770 W
388 687 684 771 eizilor'ze
708 707 793 768 de
819 707 1059 776 Silla,
1103 699 1474 766 Dietmaro
1497 702 1582 764 de
1602 699 2085 776 Columbaria,
2143 707 2346 771 Wal„

276 802 659 890 taio-dicto
685 811 771 872 de
813 811 891 872 V
886 803 1277 888 albinstein,
1314 815 1552 869 contra
1586 827 1756 887 quos
1793 807 2116 870 dominus
2152 813 2347 872 deca-

272 935 403 978 nus
426 911 817 996 Basiliensis
855 913 940 970 ad
975 907 1702 972 excommunicationis
1725 917 1789 970 et
1811 903 2159 974 interdicti
2193 927 2349 996 sert-⁸

273 1019 515 1082 tentias
561 1017 754 1100 prius
811 1022 1259 1096 processerat,
1301 998 1768 1096 promiserunt
1823 1021 1889 1074 et
1943 1015 2350 1111 promittunt

272 1139 344 1181 se
368 1119 628 1180 eisdem
661 1115 1015 1178 sententiis
1042 1135 1175 1194 que
1205 1135 1389 1176 nunc
1418 1115 1782 1176 relaxande
1811 1124 1965 1179 sunt
1987 1118 2070 1177 ab
2102 1121 2346 1179 eodem

278 1224 537 1282 decano
589 1219 761 1280 sicut
801 1238 985 1279 nunc
1029 1214 1409 1306 subjacent,
1453 1213 1834 1294 subjacere3
1893 1236 2089 1279 causa
2122 1226 2345 1280 tamen

276 1320 353 1382 in
394 1323 639 1382 eodem
674 1327 877 1399 statu,
923 1318 997 1379 in
1044 1337 1182 1399 quo
1231 1338 1417 1378 nunc
1453 1325 1584 1396 est,
1628 1316 1796 1378 alias
1839 1317 2150 1399 undique
2193 1338 2346 1402 per·-

274 1413 627 1484 manente.'
696 1422 768 1482 Si
804 1429 1025 1482 autem
1048 1419 1351 1503 prefatus
1390 1420 1749 1482 Waltems
1775 1421 2102 1503 predictis
2125 1422 2352 1486 fratri-1

274 1525 403 1586 bus
440 1502 941 1599 adjudicabitur
982 1525 1167 1584 bona
1211 1521 1425 1603 ipsius
1471 1521 1708 1584 omnia
1756 1525 1840 1582 ad
1891 1523 2075 1605 ipsos
2111 1525 2347 1590 fratres

274 1628 429 1690 sine
452 1615 984 1688 contradictione
1009 1627 1316 1706 qualibet
1334 1625 1799 1709 pertinebunt.
1884 1630 1962 1688 Et
1982 1645 2173 1690 versa
2199 1631 2350 1694 vice

277 1729 341 1790 si
366 1728 551 1789 ide'm
586 1727 753 1820 ipsis
788 1727 1289 1804 abjudicabitur
1324 1730 1510 1788 bona
1552 1727 1810 1810 prefata
1849 1729 2073 1812 ipsum
2117 1734 2352 1815 sequi,

279 1829 811 1914 non-predictos
848 1829 1083 1890 fratres
1133 1825 1458 1891 similiter
1499 1831 1754 1912 absque
1791 1831 2354 1899 contradictionis

282 1927 647 1996 obstaculo·
674 1929 1039 2013 cujuslibet
1082 1932 1451 1993 debebunt.
1536 1933 1754 2016 Super
1789 1937 2105 2020 dampnis
2145 1941 2350 2003 etiam

225 2081 246 2088 -
282 2045 349 2098 et
390 2034 665 2112 injuriis
710 2036 909 2096 dictis
950 2035 1271 2098 fratribus
1322 2055 1362 2094 a
1414 2033 1596 2097 dicto
1661 2035 1984 2102 Waltero
2026 2043 2134 2104 vel
2184 2043 2374 2106 alias·

288 2137 643 2201 occasione
678 2138 784 2198 sui
824 2146 888 2198 et
915 2137 1053 2199 suis
1088 2121 1472 2200 fautoribus
1505 2137 1745 2220 illatis,
1789 2141 1930 2203 sive
1970 2143 2193 2225 ipsum
2224 2147 2356 2209 eis-1

286 2231 441 2301 dem
465 2238 846 2314 adjudicari
890 2238 1253 2321 contigerit
1286 2240 1395 2299 vel
1430 2258 1614 2320 non,
1676 2243 2103 2306 ordinationi
2140 2247 2358 2311 dicto-—

287 2362 439 2404 rum
475 2340 893 2403 arbitrorum
926 2341 1195 2402 stabunt
1219 2339 1552 2421 quicquid
1589 2341 1769 2403 circa
1789 2346 1915 2407 hec
1939 2344 2358 2413 ordinabunt

288 2443 901 2528 compromissione
950 2444 1055 2503 vel
1110 2440 1372 2517 justitia
1420 2444 1798 2527 mediante,
1863 2466 1990 2508 neo
2045 2453 2130 2511 ad
2178 2452 2352 2515 alios

284 2567 489 2630 super
524 2551 655 2609 hoc
680 2544 1041 2607 habebitur
1071 2542 1400 2607 recursuS.
1466 2546 1625 2607 Pars
1653 2557 1876 2610 autem
1903 2570 2046 2611 non
2082 2567 2355 2641 servans

284 2635 645 2714 &abitrium
688 2647 1137 2731 prescriptum
1180 2647 1501 2729 promisit
1535 2649 1711 2731 parti
1760 2652 1957 2713 alteri
1993 2655 2357 2719 arbitrium

178 2786 185 2797 ·
289 2752 674 2813 observanti
714 2753 1031 2811 ducentas
1070 2752 1325 2809 marcas
1366 2750 1628 2829 argenti
1667 2755 1750 2811 ad
1767 2745 2058 2834 pondus
2104 2759 2360 2823 fribura

286 2874 495 2939 gense
539 2875 615 2915 se
654 2854 1059 2932 soluturam,
1104 2860 1169 2913 et
1210 2853 1433 2913 soluta
1481 2872 1600 2915 seu
1645 2863 1867 2915 exacta
1902 2872 2082 2940 pena
2126 2862 2362 2939 hujus·-

289 2959 517 3040 modi,
561 2956 941 3020 actiombus
994 2964 1058 3017 et
1094 2955 1607 3036 exceptionibus
1652 2978 1734 3020 ex
1781 2962 2116 3023 sententia
2157 2980 2363 3061 super

290 3063 400 3125 bis
431 3063 562 3121 lata
598 3069 819 3141 partes
856 3058 1381 3140 nichilominus,
1426 3059 1486 3121 si
1508 3062 1892 3146 voluerint,
1935 3066 2034 3126 uti
2057 3078 2361 3149 possunt.

291 3164 760 3227 Promiserunt
796 3160 1008 3222 etiam
1055 3154 1336 3223 Walter
1373 3161 1460 3222 de
1515 3164 1594 3225 V
1589 3160 1956 3229 alkznstem
2003 3166 2233 3233 dectus
2277 3174 2364 3235 de

293 3286 472 3329 nova
507 3264 749 3335 dome,
796 3272 861 3325 et
902 3260 975 3324 C.-
1010 3258 1237 3323 dictus
1278 3261 1620 3327 Cholman
1651 3266 1735 3327 de
1765 3266 2059 3356 Fribmg
2084 3260 2361 3356 milites,

296 3376 363 3430 et
403 3371 487 3430 ad
524 3372 655 3429 hoc
685 3386 755 3426 se
792 3366 917 3425 sub
942 3365 1221 3431 datione
1256 3363 1421 3427 fidei
1455 3366 1653 3427 dictis
1683 3368 2002 3433 fratribus
2037 3380 2362 3459 astrinxe-⁸

294 3476 487 3551 runt,
546 3473 732 3549 quod
768 3469 829 3531 si
864 3469 1204 3552 predictus
1248 3462 1630 3532 Biderman
1668 3470 1833 3555 ipsis
1880 3475 2195 3541 fratribus
2242 3485 2362 3544 ad·-

285 3568 739 3653 judicabitur,
784 3571 842 3634 si
870 3571 1167 3633 fortassis
1196 3572 1526 3633 sententie
1553 3571 1948 3649 hujusmodi
1979 3586 2118 3647 hon
2155 3604 2360 3667 paru·-

216 3726 227 3735 .
294 3675 457 3757 erit,
495 3676 602 3739 vel
625 3679 943 3738 ducentas
968 3694 1221 3735 marcas
1254 3673 1419 3756 ipsis
1446 3696 1592 3737 non
1624 3681 2045 3765 persolverit,
2068 3696 2380 3752 castrum·

292 3776 372 3841 in
418 3778 529 3838 W
518 3798 744 3862 angen
750 3814 777 3849 ,
824 3786 887 3839 et
922 3778 1106 3838 bona
1141 3775 1307 3858 ipsis
1350 3776 1672 3839 fratribus
1698 3778 1916 3843 libere
1948 3796 2381 3867 presentare.·

292 3881 368 3943 Si
402 3890 629 3943 autem
676 3881 806 3941 lata
842 3879 1139 3944 fortassis
1183 3896 1312 3961 pro
1357 3878 1542 3941 dicto
1585 3875 1966 3947 Biderman
2001 3878 2355 3973 sententia,

297 3992 537 4045 contra
566 3982 785 4065 ipsam
822 3982 897 4043 in
931 3979 1394 4063 prejudicium
1425 3979 1644 4063 ipsius
1679 3985 1787 4045 vel
1819 3984 2106 4067 alicujus
2142 3993 2361 4057 fauto-

294 4107 453 4149 rum
504 4096 787 4149 suor'um
830 4104 869 4145 a
910 4082 1241 4167 predictis·
1275 4081 1593 4147 fratribus
1635 4086 1744 4148 vel
1787 4088 1944 4153 aliis
1981 4096 2066 4157 de
2109 4096 2359 4159 ordine

451 4242 739 4308 &orcibeta
780 4244 893 4299 uti.
928 4240 1083 4309 Qud),
1683 4246 1727 4311 5
