2909 4800
1064 457 1622 529 .--—·37....

342 650 517 704 ‚tunc
562 612 888 708 dominus
934 655 1201 721 tenetur
1234 649 1302 710 ei
1348 652 1528 712 dare·
1549 653 1861 741 ducatum
1901 673 2114 736 usque
2147 659 2232 720 ad
2273 660 2414 730 duo

356 743 686 806 milliaria
731 736 1262 830 circumquaque
1308 754 1391 812 de
1439 752 1704 839 civitate
1755 765 1885 844 tam
1933 761 2166 841 rebus,
2211 781 2414 846 quam
2491 825 2493 832 .

354 849 632 932 corpori
655 870 813 926 su03
860 857 925 912 et
956 850 1015 911 si
1040 852 1273 933 plures
1300 850 1585 916 domos
1565 879 1639 918 111
1665 835 1833 921 urbe
1868 861 2223 944 habuerit,
2270 874 2414 928 tan-

352 954 712 1013 tummodo
757 952 985 1034 illsam,
1029 953 1104 1014 in
1152 956 1760 1040 qua-residentiam
1799 962 2142 1048 habuerit,
2188 907 2440 1031 domiss'

256 1082 261 1084 -
350 1073 481 1114 nus
524 1052 945 1136 possidebit.·
1021 1057 1153 1116 Sed
1201 1056 1277 1116 in
1322 1058 1600 1154 allodiis
1646 1061 1864 1124 feodis
1911 1073 1976 1126 et
2017 1067 2172 1130 aliis
2207 1071 2411 1134 bonis

352 1176 497 1217 non
544 1157 747 1217 debet
794 1155 1019 1238 ipsum
1074 1159 1345 1238 penitus
1392 1179 1772 1244 aggravare.
1875 1167 2124 1230 Omnia
2167 1182 2411 1270 autem,

354 1277 497 1336 quc
522 1254 721 1318 finito
746 1257 1039 1320 termino
1059 1279 1177 1321 sex
1200 1262 1784 1326 hebdomadarum
1811 1257 2190 1332 dominus
2171 1295 2244 1334 ιιι
2289 1279 2413 1338 do-

356 1377 470 1418 mo
524 1356 738 1439 ipsius
798 1343 1169 1441 invenerit,
1235 1361 1464 1424 libere
1516 1365 1840 1449 accipiat,
1889 1389 1966 1431 ac
2008 1373 2414 1454 possidebit.

254 1465 269 1476 ’
348 1459 426 1520 Si
459 1480 619 1522 vero
665 1459 983 1552 dominus
1028 1460 1316 1524 civitatis
1363 1463 1440 1526 in
1480 1472 1652 1527 terra
1699 1477 1766 1529 et
1812 1471 2033 1552 patria
2080 1495 2224 1536 non
2270 1474 2415 1540 fue-
2507 1529 2514 1536 .

350 1562 477 1644 rit,
520 1551 732 1642 nsque
767 1561 899 1623 ad
878 1563 1093 1645 1psius
1130 1567 1496 1628 adventum
1531 1589 1817 1654 corpore
1854 1581 1918 1636 et
1941 1573 2140 1640 rebus
2172 1599 2409 1672 pacem
2472 1618 2504 1670 ‘-

352 1671 417 1764 et
457 1665 880 1729 securitatem
923 1666 1219 1730 habebit.
1553 1681 1556 1684 ’

720 1917 722 1919 ,
1152 1814 1397 1915 'Ar'tia
1430 1837 1525 1928 4οῑ
1595 1915 1601 1931 ,
1877 1926 1883 1930 ,

474 1973 483 1978 ·
580 1948 673 2008 De
702 1949 1085 2032 communione
1120 1953 1388 2035 bonorum
1431 1971 1488 2016 et
1520 1960 1880 2024 matrimonii
1909 1965 2182 2031 liherlate.
2255 2036 2262 2045 ⁸

474 2061 785 2121 Preterea
808 2059 1021 2142 regia
1012 2060 1339 2127 libertate
1371 2066 1569 2130 vobis
1596 2071 1978 2155 statuimus,
2023 2087 2097 2138 ut
2119 2077 2408 2158 qui-cun·
2453 2080 2461 2088 ’

346 2181 481 2244 que
512 2161 920 2245 burgensis
900 2185 976 2224 111
1012 2165 1179 2226 urbe
1212 2162 1318 2228 vel
1348 2176 1533 2231 extra
1565 2175 2005 2258 contraxerit,
2049 2182 2410 2256 cujuscun-

345 2287 480 2346 que
525 2265 782 2327 fuerint
822 2263 1279 2346 conditionis,
1321 2287 1516 2348 pares
1561 2270 1697 2331 sint
1753 2273 1828 2333 in
1881 2279 2072 2340 omni
2109 2278 2300 2365 jure,
2344 2293 2409 2361 et
2513 2311 2521 2318 ‘

342 2389 485 2430 uno
534 2365 853 2434 defuncto
902 2365 1072 2429 alter
1128 2369 1363 2430 omnia
1402 2370 1641 2441 bona
1623 2373 1870 2457 xpsius,
1915 2398 2047 2459 que
2093 2383 2406 2470 reliquit,

335 2467 494 2559 jure
517 2469 933 2531 hereditario
958 2468 1176 2531 libere
1214 2478 1279 2531 et
1304 2470 1533 2550 quiete
1565 2474 1976 2557 possidebit3
2022 2502 2148 2545 nec
2187 2498 2406 2568 potest

344 2572 667 2646 dominus
734 2570 1021 2632 civitatis
1070 2570 1439 2655 impedire,
1504 2576 1614 2642 vel
1660 2579 2165 2668 contradicere,
2231 2590 2404 2680 quin

343 2696 517 2771 uxor
552 2672 899 2769 defuncti,
956 2680 1021 2734 et
1062 2673 1341 2738 maritus
1376 2676 1705 2747 defuncte
1749 2687 2186 2769 contrahant,
2245 2712 2401 2761 cum

342 2763 755 2873 quocunque
786 2774 1133 2845 voluerint
1168 2780 1253 2843 ad
1292 2777 1606 2866 ipsorum
1645 2782 2084 2850 voluntatem.

298 2992 384 3016 .»
487 2962 492 2995 =
1078 2930 1087 2937 ’
1226 2962 1401 3026 Amo.
1434 2964 1524 3038 41.

599 3063 606 3074 ’
659 3062 752 3135 Dp
780 3061 1119 3121 successione
1153 3061 1457 3123 liberorum
1491 3063 1553 3123 in
1583 3066 1734 3125 bona
1761 3046 2079 3145 parentuz'm.

364 3150 370 3155 '
470 3177 543 3240 Si
578 3180 717 3237 duo
746 3170 1235 3251 contraxerint,
1280 3178 1345 3232 et
1376 3169 1560 3234 filios
1589 3162 1994 3263 genuerint,
2036 3182 2244 3247 liberi
2288 3206 2414 3251 eo-f

2207 3038 2226 3069 f

343 3303 497 3349 rum
517 3286 672 3363 post
692 3283 980 3337 mortem
1007 3271 1359 3386 utriusque
1380 3275 1680 3373 parentis
1704 3279 1939 3341 omnia
1959 3283 2140 3346 bona
2159 3307 2404 3370 paren-
2485 3371 2488 3375 .
2566 3288 2568 3292 ’

344 3391 486 3445 tum
512 3383 669 3461 jure
702 3373 1154 3454 hereditariO,
1196 3372 1347 3435 sine
1382 3376 1576 3438 omni
1611 3380 2146 3449 contradictione
2183 3388 2401 3453 libere
2485 3389 2496 3418 '⁹

260 3498 274 3510 “
340 3485 809 3570 possidebunt.
872 3468 1113 3539 Nullus
1140 3482 1360 3537 tamen
1386 3476 1768 3542 liberorum
1798 3485 2234 3572 hereditabit,
2264 3491 2400 3561 nisi

271 3586 281 3609 ⁸
344 3589 467 3671 qui
501 3593 589 3657 de
628 3588 939 3676 legitimo
986 3587 1183 3647 thoro
1228 3582 1435 3673 fuerit
1473 3594 1852 3682 generatus.

1210 3766 1383 3845 Artic.
1416 3768 1505 3841 42.
1565 3824 1572 3831 .

780 3936 787 3943 ,
886 3937 892 3946 .
996 3870 1089 3931 De
1112 3878 1399 3954 potestate
1424 3886 1742 3949 parentum.
1821 3930 1827 3941 ,
1931 3935 1942 3941 N

446 3978 826 4063 Quamdiu
850 3989 1073 4045 autem
1110 3988 1301 4063 pater'
1340 3987 1407 4041 et
1448 3988 1662 4043 mater
1696 3976 2024 4066 vixerint,
2068 3995 2403 4088 quotquot
2451 4043 2458 4052 ,

343 4082 527 4147 filios
569 4083 964 4164 habuerint,
1024 4104 1163 4144 non
1223 4090 1508 4166 possunt
1549 4084 1637 4149 ei
1661 4085 2154 4174 contradicere,
2211 4090 2402 4171 quic-

345 4186 516 4265 quid
562 4187 777 4249 facem
808 4186 1155 4251 voluerint
1198 4189 1283 4249 de
1329 4184 1652 4249 omnibus
1697 4186 1898 4249 rebus
1941 4190 2102 4251 suis.
2147 4230 2152 4235 ·
