2909 4800
1323 433 1428 470 ..-
1503 373 1778 482 ω’...

529 610 595 671 et
626 605 1021 692 reprobatus
1038 644 1061 685 ,
1119 603 1205 666 de
1248 605 1470 664 cetero
1515 617 1870 680 nunquam
1927 599 2015 662 ad
2057 598 2424 664 consilium
2467 601 2586 667 vel

526 711 811 792 aiiquod
849 701 1148 771 officium
1190 701 1267 764 in
1302 698 1572 764 civitate
1609 699 1919 786 eligatur.

1397 869 1577 930 Attio.
1647 877 1698 930 1.

1007 959 1099 1021 De
1132 955 1580 1020 conventionibus
1609 878 1778 1017 {vira
1810 952 2109 1016 civitatem.
2191 953 2198 964 “

658 1076 733 1142 Si
771 1071 1129 1160 burgensis
1172 1068 1441 1153 aiiquid
1480 1075 1663 1132 extra
1705 1066 1944 1130 urbem
1987 1062 2260 1148 emerit,
2307 1064 2417 1129 vel
2457 1061 2589 1132 ali-

516 1182 699 1270 quid
720 1177 931 1242 alicui
949 1173 1374 1261 promiserit,
1412 1192 1537 1236 seu
1563 1169 1838 1234 debitor
1859 1167 2144 1254 alicujus
2171 1187 2589 1250 quocunque

526 1287 737 1350 modo
774 1277 979 1344 fuerit
1008 1278 1251 1356 factus,
1294 1282 1361 1338 et
1400 1293 1608 1358 super
1647 1274 1885 1338 hocab
1929 1271 2168 1353 aliquo
2212 1270 2288 1333 in
2317 1271 2588 1338 civitate

448 1418 457 1442 ι
524 1383 1003 1456 conveniatur3
1038 1377 1100 1439 si
1126 1393 1372 1461 negare
1398 1374 1730 1455 voluerit,
1765 1382 1948 1438 extra
1967 1373 2204 1436 villam
2221 1416 2244 1456 ,
2284 1374 2408 1438 uhi
2433 1377 2588 1441 talis

523 1484 889 1554 conventio
920 1479 1037 1543 vel·
1067 1477 1439 1563 promissio
1473 1479 1644 1544 facta
1674 1475 1921 1560 fuerit,
1961 1476 2064 1540 ire
2093 1480 2332 1560 debet,
2377 1489 2443 1544 et
2479 1482 2590 1544 ibi

520 1612 595 1655 se
628 1610 755 1673 per
792 1581 1207 1650 solutionem
1238 1581 1349 1646 vel
1376 1579 1730 1664 jud-icium
1754 1582 1842 1646 ab
1869 1601 1964 1650 eo
1993 1579 2218 1648 taliter
2251 1584 2588 1668 expediat,

527 1693 716 1776 quod
752 1686 984 1753 civitas
1020 1685 1184 1752 inde
1216 1705 1363 1750 non
1400 1693 1735 1771 gravetur.

1392 1853 1571 1916 Artic-
1616 1863 1706 1918 22.

1147 1941 1243 2004 De
1271 1943 1484 2003 annali
1500 1943 1940 2024 proescriptz’one.

648 2033 901 2122 Omnia
925 2051 1151 2119 hona
1130 2076 1205 2117 m
1231 2053 1511 2118 allodiis
1543 2063 1608 2118 et
1645 2054 1804 2117 aliis
1845 2057 2077 2135 rebus,
2115 2073 2250 2137 que
2289 2055 2616 2140 burgen?

487 2165 618 2229 'sis
662 2163 847 2224 diem
912 2166 978 2222 et
1018 2177 1275 2220 annum
1320 2157 1397 2220 in
1441 2156 1672 2238 quieta
1711 2159 1951 2221 habuit
1994 2156 2451 2242 possessione,
2493 2158 2586 2218 de

520 2267 631 2328 his
675 2284 818 2327 non
874 2270 1138 2326 tenetur
1201 2263 1638 2345 postmodum
1685 2259 1887 2324 aliter
1929 2263 2383 2346 respondere,
2441 2257 2584 2322 nisi

524 2368 619 2450 is,
662 2366 785 2448 qui
822 2375 979 2429 eum
1008 2361 1411 2449 impetierit,
1450 2365 1746 2450 probare
1763 2343 2023 2448 'possit,
2063 2383 2136 2427 se
2179 2362 2255 2427 in
2305 2370 2478 2435 terra
2514 2370 2582 2426 et

518 2468 736 2552 patria
761 2488 905 2530 non
934 2467 1165 2531 fuisse·
1227 2470 1308 2527 Et
1348 2467 1749 2547 quicunque
1767 2467 2125 2551 burgensis
2167 2467 2246 2530 in
2283 2466 2582 2548 allodiis,
2621 2521 2626 2525 .

516 2570 789 2653 feodis,
814 2566 1223 2652 pignoribus
1258 2575 1325 2631 et
1352 2565 1512 2629 aliis
1539 2567 1745 2632 bonis
1764 2609 1786 2650 ,
1831 2590 1966 2651 que
2000 2570 2188 2657 diem
2229 2580 2295 2635 et
2321 2590 2580 2635 annum
2677 2586 2682 2588 ’

520 2668 600 2731 in
638 2668 866 2751 quieta
909 2667 1150 2732 habuit
1188 2669 1615 2753 possessione
1656 2670 1906 2752 injuste
1947 2675 2356 2759 gravaverit,
2399 2684 2580 2741 tene-

522 2779 633 2834 tur
672 2770 742 2838 ei
769 2774 1003 2835 decom
1034 2771 1246 2836 libras
1280 2775 1668 2838 emendare.

1308 2932 1312 2941 ¹
1384 2942 1559 3005 Artic.
1595 2944 1684 3009 ³3.

970 3026 1065 3088 Dc
1100 3029 1459 3091 immunitate
1490 3032 1564 3089 ab
1597 3042 1866 3092 extraneo
1875 3030 2128 3117 judicio.

646 3136 719 3202 si
748 3137 1104 3223 burg-ensis
1154 3136 1370 3233 aliurn
1394 3140 1803 3225 burgensem
1843 3162 2073 3205 coram
2113 3150 2430 3211 extraneo
2463 3144 2580 3223 ju-

520 3240 674 3304 dice
708 3240 1140 3321 convenerit,
1192 3260 1399 3303 omne
1434 3244 1840 3326 dampnum,
1883 3245 2070 3324 quod
2113 3243 2217 3309 ihi
2255 3247 2590 3328 incurret,·
2682 3278 2724 3338 .'

521 3342 589 3405 ei
624 3344 997 3427 persolvet,
1036 3353 1102 3408 et
1135 3342 1419 3429 insuper
1455 3348 1847 3411 emendabit
1883 3350 2164 3414 sculteto
2202 3359 2332 3415 tres
2364 3349 2578 3417 libras

476 3498 497 3509 .,
520 3453 587 3507 et
622 3456 753 3513 tres
790 3446 1261 3528 conquerenti.

1394 3612 1568 3679 Artic.
1679 3620 1695 3676 2

1059 3696 1153 3761 De
1184 3698 1401 3762 &dibus
1434 3615 1692 3765 inungo
1727 3700 2024 3765 absumtis.

534 3840 543 3847 ·
649 3807 1125 3898 Cujuscunque
1162 3808 1407 3877 domus
1446 3812 1523 3876 in
1561 3814 1828 3879 civitate
1851 3815 2118 3898 arserit,
2159 3814 2220 3881 si
2247 3816 2572 3880 tributum

520 3918 586 3974 et
632 3911 983 3977 collectam
1024 3918 1109 3979 de
1150 3916 1369 3979 fundo
1414 3917 1715 4000 dederit,
1759 3918 2201 4001 ubicunque
2179 3938 2263 3983 ιιι
2292 3919 2573 4005 provin-

518 4010 626 4073 cia
650 4012 948 4097 fuerit‚'
920 4037 1035 4094 ,ιω
1066 4019 1419 4104 burgensis
1444 4040 1587 4083 non
1620 4019 1876 4098 amisit3
1917 4022 1978 4083 si
2006 4032 2228 4085 autem
2253 4034 2570 4088 extraneo

518 4115 854 4199 dederit,
862 4116 1002 4183 nisi
1032 4118 1333 4202 edificet,
1369 4142 1512 4185 non
1547 4129 1647 4185 est
1687 4121 2064 4207 burgensis·
