2909 4800
1622 121 1649 148 3
1691 122 1696 129 .

1324 311 1833 394 ——116—

540 501 871 591 quamdiu
904 501 1211 590 prefatus
1248 497 1323 566 C.
1364 502 1555 582 filius
1588 453 1852 587 noster,
1891 510 2006 568 aut
2037 499 2422 572 Katherina
2443 529 2591 594 pre-

539 615 749 693 dicta‚
789 619 903 672 aut
934 609 1142 675 liberi
1180 627 1471 690 eorum,
1499 609 1918 690 quicumque
1958 632 2086 694 pro
2114 615 2418 695 tempore
2453 614 2592 688 fue-

536 720 709 801 rint,
752 713 1080 794 vixerint,
1124 733 1476 795 nunquam
1513 713 1592 774 in
1623 711 1894 790 judicio
1933 715 2042 776 vel
2080 723 2292 797 extra,
2337 711 2592 796 aliqu'a-

536 830 728 885 tenus
760 819 1182 902 impetemuS.
1225 817 1729 880 Renunciantes
1753 837 1882 900 pro
1905 817 2108 881 nobis
2139 828 2204 882 et
2227 823 2609 884 heredibus

533 922 815 1004 nostris,
888 918 1233 1002 quidquid
1288 919 1462 998 jvris
1535 921 1740 994 nobis
1804 922 1880 1014 in
1943 923 2144 996 dictis
2202 934 2472 989 centum
2531 935 2592 990 et

529 1025 777 1111 viginti
813 1025 1056 1087 marcis
1098 1023 1478 1108 competiit,
1522 1032 1637 1086 aut
1668 1024 2023 1108 competit,
2067 1015 2150 1088 'eit
2183 1029 2400 1091 causis
2439 1031 2588 1110 qui-

532 1125 985 1210 buscumque,
1032 1137 1267 1191 contra
1296 1125 1359 1190 ..’
1420 1129 1790 1190 scultetum
1833 1129 2160 1192 Consules
2210 1107 2591 1196 esvniuer·

530 1230 793 1296 sitatem
840 1233 1270 1304 antedictam.
1370 1233 1452 1293 Et
1492 1231 1880 1322 specialiter
1930 1233 2180 1315 literis,
2222 1237 2306 1314 ab
2356 1240 2588 1332 eadem

526 1337 998 1416 vniuersitate,
1040 1335 1242 1424 nobis
1278 1337 1403 1396 sub
1440 1335 1748 1418 ipsorum
1778 1335 2013 1420 sigillo
2040 1337 2333 1421 traditis,
2379 1361 2588 1420 quan-

525 1449 669 1502 tum
723 1443 810 1501 ad
846 1439 1193 1524 'summam
1249 1446 1521 1500 centum
1581 1445 1646 1502 et
1699 1437 1948 1522 viginti
2001 1445 2378 1504 marcarum
2435 1441 2593 1529 preo‘

525 1553 845 1624 notatam.
928 1543 1001 1605 si
1048 1563 1213 1607 vero
1254 1541 1720 1615 Cvonradus,‘
1747 1551 1812 1606 et
1844 1541 2226 1636 Katherina
2265 1547 2612 1630 predicti,

492 1637 495 1640 ⁴
525 1654 677 1719 sine
710 1638 951 1717 liberis
976 1641 1178 1732 'quod
1215 1651 1389 1712 absit
1423 1648 1854 1726 decesserint,
1899 1657 2170 1728 extunc,
2210 1649 2348 1711 nisi
2388 1652 2584 1730 Ciues

522 1757 813 1844 predicti
850 1757 933 1816 ab
968 1754 1203 1834 aliquo
1242 1753 1418 1815 dicte
1446 1749 1927 1840 promissionis
1963 1751 2318 1815 occasione
2342 1773 2584 1818 vexen-

523 1875 667 1945 tur,
708 1862 816 1924 vel
856 1859 1301 1942 impetantur,
1359 1866 1433 1920 ut
1483 1855 1792 1940 superius
1846 1863 1942 1919 est
1974 1855 2461 1940 prescriptum,
2495 1856 2578 1934 jn
2606 1847 2620 1860 χ

512 1969 619 2047 jvs
644 1965 1050 2050 pristinum,
1082 1946 1289 2026 dictas·
1316 1971 1588 2026 centum
1615 1966 1680 2023 et
1715 1959 1964 2046 viginti
2001 1958 2254 2021 inarcas
2281 1963 2583 2044 petendi,
2629 2006 2635 2014 -

522 2069 675 2152 ipso
718 2067 893 2131 facto
939 2067 1229 2134 restituti
1278 2081 1555 2145 svmus,
1602 2068 1688 2128 de
1735 2065 2079 2128 voluntate
2125 2064 2582 2127 vniuersitatis

506 2173 873 2236 antedicte.
930 2175 1010 2234 Et
1029 2171 1177 2257 ipsa
1196 2169 1600 2234 vniuersitas
1625 2170 1911 2230 eandem
1949 2157 2210 2252 argenti
2247 2187 2582 2254 summam

514 2277 678 2356 dare
734 2275 937 2348 nobis
984 2274 1337 2359 promisit,
1423 2284 1668 2336 extunc
1708 2272 2140 2357 ,vnanimiter
2189 2273 2362 2336 sicut
2403 2281 2580 2335 ante.

511 2380 983 2445 Promittimus
1032 2379 1314 2462 insuper
1363 2378 1548 2461 ipsos
1593 2378 1959 2441 defendere
2003 2385 2068 2439 et
2115 2378 2290 2441 tueri
2343 2386 2581 2441 contra

512 2483 901 2578 quoslibet,
992 2478 1395 2552 CvonradO,
1469 2478 1852 2543 Katherina
1917 2489 2012 2543 et
2038 2502 2278 2545 eorum
2334 2482 2578 2564 liberis

508 2586 835 2667 exceptiS,
878 2584 1003 2663 qui
1032 2572 1215 2703 ipsos
1243 2585 1419 2648 dicte
1447 2585 1928 2669 promissionis
1958 2589 2313 2653 occasione
2359 2592 2576 2677 impe-

510 2688 745 2753 tierint
772 2687 967 2771 jure,
1007 2688 1117 2750 vel
1165 2688 1471 2769 iniuria,
1499 2697 1564 2753 et
1601 2706 1805 2753 omne
1851 2692 2277 2773 dampnum'
2257 2693 2424 2775 ipsis
2469 2716 2577 2757 re-

506 2794 790 2876 sarcire,
834 2796 1021 2873 quod
1060 2793 1433 2858 inciderint
1471 2814 1552 2857 ex
1588 2793 1735 2877 ipsa
1771 2794 2230 2877 promissione
2269 2814 2307 2856 a
2337 2816 2573 2879 perso-

504 2900 615 2963 nis
666 2898 1232 2978 quibuscumque.
1331 2898 1411 2957 Et
1463 2899 1548 2985 ad
1605 2899 1736 2958 hoc
1794 2916 1920 2959 nos
1978 2905 2044 2959 et
2095 2898 2280 2959 bona
2341 2911 2573 2963 nostra
2664 2936 2674 2949 ·

502 3002 809 3085 predicta
852 2998 1282 3081 presentibus
1340 2998 1744 3081 obligamus.
1829 3002 1910 3061 Et
1947 2994 2022 3061 in
2072 3002 2570 3082 'premissorum

502 3101 955 3181 euidentiam,
993 3120 1303 3187 presens
1330 3101 1852 3165 instrumentum
1913 3102 2079 3187 ipsis
2129 3106 2568 3194 tradidimuS,

498 3202 891 3367 silgillorum
924 3200 1359 3267 venerabilis
1372 3205 1584 3293 patris
1631 3212 1695 3267 et
1731 3205 2002 3274 domini
2043 3198 2294 3291 nostri,
2339 3214 2570 3303 domi-
2605 3243 2628 3259 ν

642 3305 1023 3389 ‚Episcopi
1042 3307 1315 3393 Arg-ent.
1347 3316 1412 3370 et
1434 3307 1674 3390 nostri,
1715 3308 2103 3373 munimine
2144 3295 2565 3379 roboratum.

496 3406 631 3471 Nos
674 3404 749 3471 C.
794 3407 911 3471 dei
944 3409 1171 3493 gracia
1206 3411 1580 3495 Episcopus
1614 3414 1887 3499 Arg-ent.
1921 3416 2306 3500 predictus,
2347 3420 2572 3483 confi-

498 3518 721 3581 temur
748 3532 875 3573 nos
904 3512 1221 3577 omnibus
1247 3523 1311 3577 et
1330 3514 1624 3599 singulis
1647 3518 2118 3632 suprascriptis
2149 3519 2566 3607 interfuisse,
2667 3588 2674 3596 ,

478 3620 561 3675 et
610 3633 841 3678 coram
892 3615 1096 3680 nohis
1155 3626 1296 3679 acta
1352 3618 1538 3699 fore,
1594 3627 1694 3682 et
1713 3619 1788 3681 in
1843 3641 2083 3683 eorum
2121 3622 2564 3689 evidenciam

494 3713 805 3800 sigillum
845 3726 1153 3822 nostrum
1173 3722 1600 3803 presentibus
1625 3726 2052 3807 appendisse.
2094 3729 2342 3793 Datum
2371 3751 2559 3801 anno

491 3824 763 3901 domini
800 3829 915 3892 .Μ.
950 3832 1075 3893 CC.
1115 3834 1594 3921 Nonagesimo.
1619 3836 1786 3915 vmj.
1821 3838 1956 3905 kal.
1987 3838 2188 3907 Maii.

684 3966 873 4041 &teget
904 3974 1226 4051 unoett'ebtt·
