2909 4800
1266 454 1833 564 ,ψῃ-

572 645 1019 728 Friburch,
1063 649 1137 707 ut
1166 638 1354 724 (eti')
1401 647 1488 707 de
1521 643 1680 722 aliis
1721 633 1895 707 Iocis
1929 636 2069 704 sibi
2097 639 2653 726 pertinentibus„

570 753 660 812 ad
706 748 1001 812 civitates
1047 755 1335 828 nostras,
1379 753 1452 808 ut
1487 739 1676 826 (eti‘)
1718 749 1807 807 ad
1851 745 2003 809 loca
2044 751 2276 808 nostra
2307 747 2396 806 ad
2442 746 2652 808 habi-
2695 763 2702 768 ·

568 854 851 914 tandum
908 848 1571 934 transmigraverunt.
1666 849 1977 910 Preterea
2038 845 2426 931 pepigimus
2481 867 2648 910 cum

569 953 709 1016 iam
745 953 927 1016 dicto
961 951 1238 1032 comite,
1282 958 1348 1014 et
1380 947 1669 1013 firmiter
1701 948 1768 1012 ei
1801 947 2235 1033 permisimus
2271 949 2652 1012 obseruan-

573 1057 771 1134 dum,
817 1049 1005 1134 qu'od
1030 1067 1380 1134 nunquam
1415 1055 1503 1114 de
1537 1059 1758 1114 cetero
1781 1050 2086 1132 aliquem
2123 1053 2209 1113 de
2235 1047 2650 1112 hominihus

569 1155 712 1220 suis
740 1155 815 1216 in
849 1153 1231 1216 civitatibus
1274 1153 1525 1216 nostris
1559 1161 1673 1219 aut
1707 1153 1782 1215 in
1826 1151 1983 1214 aliis
2027 1150 2199 1214 locis
2242 1152 2447 1216 nohis
2483 1173 2650 1236 per-

568 1255 946 1319 fluentibus
979 1255 1409 1338 recipiemus.
1469 1253 1544 1320 si
1568 1253 1740 1315 forte
1776 1252 1850 1314 in
1887 1251 2031 1316 illis
2065 1253 2319 1335 recepti
2355 1252 2642 1334 fuerint,

571 1378 777 1439 quam
823 1356 1127 1440 primum
1174 1356 1247 1416 id
1292 1355 1496 1418 nohis
1530 1353 1939 1436 constiterit,
1984 1353 2168 1436 ipsos
2217 1353 2532 1416 homines
2568 1352 2648 1416 ei

565 1457 829 1521 liberos
872 1433 1134 1519 res'titui
1182 1456 1529 1522 faciemus.
1625 1455 1964 1537 Quocirca
1994 1455 2189 1521 vobis
2235 1459 2644 1518 mandamus
2725 1505 2740 1559 ι.

567 1581 695 1642 per
734 1557 1019 1643 gratiam
1065 1567 1363 1622 nostram
1407 1556 2245 1642 distincte-precipienteS‚
2301 1557 2642 1640 quatenus

520 1739 525 1754 Ι
566 1657 865 1744 sepefato
893 1660 1126 1724 comiti
1154 1660 1470 1726 homines
1494 1679 1685 1740 suos,
1712 1681 1846 1740 que
1881 1652 2036 1741 (qui
2048 1653 2107 1738 Ρ)
2150 1659 2324 1722 sicut
2342 1660 2640 1743 permis-

568 1783 719 1842 sum
756 1770 853 1827 est
894 1765 983 1828 ad
1015 1782 1135 1824 vos
1169 1783 1240 1825 se
1289 1762 1804 1846 transtulerunt,
1851 1761 2044 1828 omni
2094 1760 2450 1825 occasione
2494 1780 2640 1825 ces-

570 1872 761 1927 sante
810 1862 1171 1928 restituatis
1217 1870 1282 1924 et
1319 1882 1434 1927 eos
1480 1883 1521 1929 a
1565 1863 1910 1927 consortio
1953 1870 2175 1931 vestro
2213 1860 2640 1944 removeatis,

569 1984 699 2027 nec
737 1963 932 2027 omni
960 1969 1167 2028 modo
1201 1968 1289 2028 de
1315 1962 1716 2028 hominihus
1751 1964 1890 2026 suis
1933 1963 2236 2046 aliquem
2269 1963 2644 2048 recipiatis.

570 2067 658 2131 Vt
682 2066 892 2152 igitur
924 2067 1159 2130 omnia
1182 2070 1307 2130 hec
1327 2047 1654 2150 perpetua
1673 2070 2010 2151 gaudeant
2050 2066 2446 2150 stabilitate,
2477 2087 2640 2150 pre-

573 2177 833 2231 sentem
896 2170 1218 2254 paginam
1284 2169 1534 2232 exinde
1605 2169 2056 2253 conscriptam
2111 2167 2346 2256 sigillo
2402 2175 2642 2232 nostro

560 2270 889 2350 jussimus
926 2269 1274 2356 insigniri.

696 2390 943 2452 Datum
965 2390 1145 2473 apud
1182 2390 1413 2471 Hagn
1431 2408 1600 2454 owe
1636 2408 1820 2451 anno
1850 2385 2196 2453 dominice
2218 2387 2636 2467 incarnatio-

572 2491 682 2554 nis
727 2492 1101 2554 millesimo
1140 2491 1604 2553 ducentesimo
1641 2484 1830 2553 nouo
1868 2490 2165 2571 decimu,
2207 2500 2437 2558 octavo
2473 2491 2633 2558 idus

580 2594 976 2677 septembr-9
1010 2592 1392 2656 indictione
1430 2601 1680 2655 octava.

571 2920 1002 3022 Fridericus
1034 2961 1377 3023 secundus
1409 2959 1647 3024 divina
1689 2960 1953 3023 favente
1987 2956 2349 3022 clementia
2383 2960 2630 3020 Roma-

574 3080 825 3122 norum
862 3064 1005 3123 Rex
1048 3083 1315 3146 semper
1358 3066 1693 3148 Augustus
1739 3072 1804 3125 et
1835 3062 1978 3124 Rex
2020 3060 2276 3124 Sicilie.
2339 3061 2437 3121 Ne
2473 3079 2638 3142 pro-

514 3196 519 3202 ·
572 3183 763 3225 cessu
796 3172 1177 3247 temporum
1212 3168 1294 3227 ab
1320 3167 1682 3228 Hominum
1706 3164 2038 3227 memoria
2075 3164 2460 3241 elabantur,
2497 3180 2632 3240 que

468 3262 475 3269 ’
569 3262 753 3326 inter
780 3285 893 3327 eos
928 3267 1300 3347 aliquando
1340 3269 1862 3347 contrahuntur,
1903 3264 2093 3349 regia
2126 3262 2422 3326 decrevit
2453 3280 2636 3323 sere,-

570 3365 781 3447 nitas‚
842 3386 920 3428 ea
962 3367 1204 3431 litteris
1247 3369 1545 3452 publicis
1580 3372 2207 3451 commendaremus
2253 3359 2644 3444 (commen—-

575 3461 841 3546 dareP).
928 3468 1355 3554 Quapropter
1396 3474 1484 3532 ad
1523 3472 1999 3535 universorum
2050 3476 2181 3530 tam
2217 3466 2641 3551 presentium

573 3592 775 3653 quam
798 3572 1180 3647 futurorum
1206 3572 1517 3635 notitiam
1538 3572 1852 3637 volumus
1874 3570 2280 3655 pervenire‚'
2302 3572 2490 3650 quod
2511 3588 2643 3631 nos

571 3662 986 3736 attendentes
1024 3682 1208 3757 grata
1230 3673 1550 3757 servitia,
1599 3693 1732 3754 que
1770 3673 2055 3737 dilectus
2093 3670 2642 3755 consanguineus
2711 3654 2718 3666 ’

570 3783 800 3838 noster
847 3775 1089 3839 Comes
1129 3774 1335 3859 Egno
1378 3774 1465 3835 de
1515 3772 1752 3835 Urach
1785 3771 1989 3835 nohis
2031 3769 2176 3847 jam
2221 3773 2482 3833 dudum
2528 3791 2640 3835 ex·-

570 3876 803 3937 hibuit
845 3887 908 3939 et
949 3875 1200 3961 poterit
1251 3875 1326 3937 in
1368 3884 1716 3957 posterum
1753 3873 2111 3954 exhibere,
2154 3874 2240 3933 ad
2286 3890 2643 3944 removen-

569 3978 739 4036 dum
778 3978 957 4041 inter
986 3998 1107 4039 nos
1154 3984 1217 4037 et
1264 3975 1488 4057 ipsum
1549 3994 1824 4039 omnem
1877 3962 2324 4037 dissensionis
2359 3992 2642 4055 scrupu-

568 4077 751 4159 lum,
795 4078 870 4141 in
896 4090 1135 4143 rec-iam
1167 4076 1303 4139 s‘ibi
1339 4080 1671 4141 donamus
1707 4084 1770 4139 et
1801 4075 2129 4159 largimur
2151 4075 2638 4158 proprietatem

559 4186 779 4259 'totam
828 4190 1083 4263 partem
1139 4177 1529 4245 hereditatis
1589 4176 1779 4247 iilius
1831 4186 1895 4243 et
1949 4178 2292 4243 bonorum
2331 4175 2640 4256 illorum5
