2909 4800
423 3622 426 3627 '
517 3626 621 3697 ut,
666 3618 724 3679 si
764 3620 915 3700 quis
944 3623 1117 3687 forte
1153 3629 1410 3690 heredu

1343 399 1808 476 ..q-40—

476 613 481 620 ·
546 601 694 686 ipse
716 602 871 684 post
894 593 1153 659 allodia
1175 599 1241 660 et
1264 593 1399 656 alia
1425 595 1610 657 hona
1631 575 2112 688 acquisiveritz
2141 593 2228 659 de
2265 579 2380 656 his‘
2397 600 2625 676 potest

545 703 913 786 disponere
956 699 1106 770 sine
1136 697 1450 782 priorum
1485 718 1858 781 puerorum
1881 697 2249 760 voluntate.
2323 699 2395 770 Si
2429 697 2622 764 alios

542 827 790 892 pueros
814 808 1157 908 genuerit,
1201 806 1309 868 his
1336 813 1602 869 tenetur
1624 804 2016 884 relinquere
2039 802 2330 865 mobilia
2357 812 2421 866 et
2444 805 2625 866 allo·-

542 908 658 970 dia
714 919 866 993 post
918 910 1284 989 acquisita3
1348 909 1551 972 feoda
1601 917 1825 970 autem
1896 915 2048 968 tam
2092 905 2359 988 priores
2414 907 2626 989 pueri

547 1022 762 1092 quam
772 1012 1182 1093 posteriores
1216 1021 1487 1082 mortuo
1514 1021 1704 1094 patre
1724 1008 1987 1093 pariter
2009 1010 2377 1078 habebunt.
2421 1009 2622 1072 Idem

531 1109 655 1196 jus·
675 1106 776 1181 ‘est'
808 1115 893 1180 de
936 1114 1249 1184 muliere.

1420 1284 1594 1342 Artic.
1630 1283 1719 1354 49.

1042 1387 1135 1447 De
1154 1386 1293 1468 filio
1320 1387 1598 1464 potestati
1619 1386 1810 1463 patris
1839 1385 2099 1464 subjecto.

666 1497 1018 1580 Quamdiu
1080 1495 1265 1557 filius
1324 1501 1420 1556 est
1463 1495 1588 1554 suh
1639 1494 1886 1576 patris·
1916 1501 2284 1578 potestate,
2349 1503 2414 1556 et
2455 1496 2612 1566 sino

536 1619 782 1680 uxore,
826 1620 953 1662 nec
996 1618 1035 1659 a
1078 1607 1264 1682 patre
1310 1599 1512 1658 rebus
1555 1598 1663 1658 vel
1708 1597 2148 1660 matrimonio
2175 1598 2392 1660 ‘fuerit
2428 1599 2614 1678 juste

538 1708 604 1762 et
636 1699 941 1784 legitime
973 1709 1346 1817 separatus3
1392 1698 1725 1778 quicquid
1769 1699 2161 1780 promiserit
2203 1709 2318 1762 aut
2360 1723 2611 1787 expen-

540 1799 753 1880 derit,
794 1802 902 1862 vel
928 1802 992 1863 ei
1016 1801 1448 1864 commissum
1471 1799 1678 1862 fuerit
1698 1799 1850 1861 si'ne
1869 1800 2080 1882 patris
2107 1804 2524 1866 conscientia'
2546 1817 2614 1869 et

536 1903 914 1984 voluntate,
974 1924 1099 1966 nec
1140 1912 1331 1986 pater
1374 1922 1500 1963 nec
1546 1900 1734 1964 filius
1780 1910 2094 1971 tenentur
2135 1907 2267 1973 hoc
2307 1909 2610 1991 solvere,

536 2004 646 2071 vel
689 2005 899 2076 alic'ui
940 2026 1146 2092 super
1179 2009 1311 2068 hoe
1354 2007 1795 2097 respondere,

1410 2193 1586 2256 Artic.
1625 2194 1712 2254 50.

940 2369 943 2374 ¹
973 2293 1068 2358 De
1092 2296 1377 2374 personis,
1414 2317 1542 2372 quoe
1573 2297 1674 2354 sub
1710 2295 2132 2359 tutela-vivunt.

658 2406 991 2470 Similiter
1013 2408 1287 2495 quando
1312 2415 1502 2487 pater
1535 2407 1857 2487 moritur,
1904 2417 1968 2467 et
1997 2408 2196 2490 pueri
2220 2417 2377 2476 sunt
2419 2408 2604 2487 infra

529 2530 777 2584 annoS,
834 2529 961 2570 nec
1016 2528 1189 2569 uxor
1244 2526 1370 2567 nec
1416 2508 1620 2589 pueri
1673 2517 1958 2591 possunt
2011 2510 2280 2591 aliquid
2347 2512 2599 2599 facere,

530 2618 717 2695 quod
752 2611 1040 2688 alicujus
1074 2610 1163 2672 sit
1194 2610 1564 2691 momenti,
1609 2611 1746 2673 nisi
1771 2634 1895 2694 per
1938 2633 2216 2676 manum
2258 2616 2494 2679 tutoris
2533 2625 2602 2682 et

526 2714 835 2776 advocati
859 2713 1209 2799 ipsorum·‚
1254 2715 1440 2796 quia
1465 2714 1705 2793 judice
1751 2715 1918 2799 ipsis
1955 2719 2144 2780 datus
2190 2719 2426 2796 fuerit3
2471 2741 2601 2784 nee
2673 2772 2678 2775 .

525 2822 886 2883 advocatus
940 2823 1142 2883 dehet
1194 2820 1466 2903 aliquid
1524 2820 1774 2903 facere,
1841 2820 1980 2885 nisi
2019 2824 2207 2907 quod
2257 2824 2447 2890 cedat
2509 2823 2598 2889 ad

418 2916 433 2933 ‘
524 2920 885 2991 utilitatem
922 2924 1153 2992 matris
1194 2934 1259 2987 et
1298 2945 1696 3008 puerorum·

1320 3175 1330 3188 ⁶
1398 3110 1575 3172 Artic.
1616 3118 1702 3175 51.

1238 3212 1333 3274 De
1361 3218 1701 3278 successione
1721 3221 1877 3300 fisci.

564 3316 569 3327 '
638 3315 711 3383 Si
756 3316 909 3403 quis
952 3318 1029 3381 in
1079 3318 1347 3383 civitate
1390 3322 1542 3385 sine
1590 3324 1899 3411 legitimo
1971 3330 2224 3391 herede
2271 3330 2595 3413 moritur,

514 3413 729 3495 judex
771 3426 835 3479 et
875 3421 1244 3483 consilium
1279 3426 1516 3486 omnia
1547 3425 1762 3509 hona,
1807 3449 1940 3510 que
1981 3429 2592 3512 reliquit‚,dehent

522 3515 598 3577 in
637 3537 756 3579 sua
784 3515 1091 3584 custodia
1120 3523 1303 3586 diem
1354 3536 1418 3587 et
1415 3538 1708 3690 {mum
1745 3530 2120 3616 indempne
2162 3552 2592 3611 conservare3

1529 3650 1605 3692 ea
1633 3631 1790 3708 jure
1825 3634 2245 3697 hereditario
2287 3636 2590 3717 postula-

464 3748 471 3755 ·
514 3717 721 3803 aserit,
765 3723 1081 3809 accipiat,
1126 3737 1189 3788 et
1217 3721 1436 3803 libere
1473 3734 1843 3814 possideat3
1888 3736 1947 3797 si
1977 3745 2200 3800 tamen
2235 3759 2306 3801 se
2334 3740 2585 3822 proba-

510 3822 685 3884 verit
722 3822 982 3900 justum
1034 3849 1175 3891 esse
1212 3832 1560 3896 heredem.
1657 3837 1728 3899 Si
1770 3859 1932 3901 vero
1977 3859 2162 3907 anno
2202 3842 2434 3924 elapso
2473 3860 2588 3922 ea,

513 3944 648 4004 que
674 3933 1005 3991 reservata
1047 3940 1243 4013 sunt,
1288 3935 1521 3997 nullus
1550 3939 1879 4000 heredum
1907 3940 2087 4018 juste
2122 3946 2586 4027 postulaverit,

510 4034 672 4092 tunc
702 4048 837 4089 una
866 4051 1023 4127 pars
1050 4036 1425 4099 substantie
1458 4060 1586 4121 pro
1624 4040 1834 4103 salute
1877 4044 2107 4108 anime
2153 4047 2456 4109 defuncti
2498 4049 2574 4109 in

510 4146 669 4205 usus
703 4132 1077 4223 pauperum
1114 4137 1353 4219 detur,
1395 4144 1690 4204 secunda
1717 4163 1870 4225 pars
1899 4150 1983 4237 qd
2013 4159 2326 4215 ornatum
2360 4151 2574 4219 eccle-
