2909 4800
1288 364 1749 436 *36*

491 552 563 616 Si
598 571 758 616 vero
804 550 969 614 civis
1005 559 1187 615 extra
1210 552 1451 614 urbem
1497 554 1581 615 ab
1627 560 1962 616 extraneo·
1991 549 2200 615 fuerit
2241 549 2558 637 agitatus,

492 665 608 718 aut
637 655 1058 735 vulneratus,
1104 663 1169 718 et
1211 658 1342 718 hoc
1367 653 1594 732 judici
1639 661 1708 716 et
1739 656 2136 720 concivibus
2179 656 2320 718 suis
2363 657 2570 740 prius.

491 739 923 840 indicaverit,
968 768 1033 820 et
1076 768 1479 838 conquestus
1519 758 1756 836 fuerit3
1798 758 1860 820 si
1903 759 2025 838 ilie
2063 759 2345 842 insuper
2391 749 2561 823 civi-

492 869 691 926 tatem
730 859 1111 943 intraverit,
1167 869 1233 922 et
1268 861 1470 930 lesus!
1496 859 1852 943 burgensis
1900 873 2072 934 eum]
2107 863 2392 946 ceperit,
2446 865 2559 927 vel

491 963 845 1044 occiderit,
887 953 1033 1026 non
1068 971 1331 1026 tenetur
1362 967 1494 1027 hoc
1521 961 2166 1041 judiciemendare.

1362 1130 1538 1189 Anio.
1573 1131 1662 1197 57.

688 1211 779 1279 De
790 1217 1014 1301 jurgiis
1049 1217 1197 1278 inter
1226 1220 1554 1299 burgensem
1601 1232 1654 1278 et
1687 1216 1962 1296 hospitem
1996 1219 2057 1278 in
2091 1199 2358 1285 civitate-,⁴¹
2551 1303 2558 1310 .

525 1329 534 1334 “
616 1330 687 1393 Si
724 1329 977 1412 aliquis
1027 1333 1271 1412 hospes
1313 1331 1722 1414 burgensem
1768 1329 1842 1414 in
1892 1338 2150 1392 tantum
2195 1334 2406 1394 verbo
2448 1328 2559 1396 vel

490 1423 694 1515 opere
720 1440 1073 1515 provocet,
1117 1439 1191 1492 ut
1216 1431 1440 1514 ipsum
1469 1431 1548 1493 in
1574 1431 1840 1492 civitate
1865 1432 2226 1515 percutiat,
2270 1443 2383 1518 aut
2407 1435 2564 1497 vu]-

489 1542 713 1610 neret,
770 1541 838 1594 et·
879 1534 1170 1616 probare
1216 1542 1466 1617 potest,
1498 1529 1709 1614 'quod
1759 1531 2002 1616 hospes
2043 1545 2275 1599 auctor
2317 1538 2562 1620 faerit,

490 1653 619 1717 per
647 1640 839 1695 testes
869 1634 1188 1713 idoneos3
1231 1635 1290 1698 si
1320 1637 1500 1722 lesus
1543 1635 1857 1717 evaserit,
1901 1638 2292 1700 emendabit
2329 1640 2394 1702 ei
2423 1650 2556 1704 tres

447 1733 452 1739 ’
489 1736 781 1808 solidos:
808 1734 887 1804 ,si
914 1747 1135 1800 autem
1159 1747 1462 1800 mortuus
1491 1738 1728 1819 fuerit,
1774 1741 2164 1822 emendabit
2187 1751 2317 1827 tres
2343 1743 2556 1807 libras

489 1839 728 1902 heredi
764 1838 1241 1920 conquerenti,
1284 1846 1351 1900 et
1387 1849 1518 1902 tres
1554 1837 1781 1922 judici
1823 1841 2134 1904 civitatis.

1374 1991 1550 2066 Artic.
1585 2006 1734 2068 38.-u

1036 2091 1129 2152 De
1161 2092 1522 2154 restituendis
1561 2096 1722 2153 rebus
1738 2095 1996 2172 furtivis.

616 2199 1023 2282 Quicunque
1058 2201 1416 2287 burgensis
1436 2203 1752 2286 'rapinam
1783 2205 2076 2278 scienter
2101 2221 2221 2264 seu
2246 2201 2557 2266 nescien-

419 2331 424 2334 ·
484 2305 878 2387 teremerit,
913 2325 1065 2367 cum
1095 2305 1251 2386 ille,
1290 2304 1407 2370 cui
1430 2307 1651 2366 ablata
1674 2305 1911 2389 fuerit,
1931 2304 2249 2385 -venerit,
2284 2314 2348 2367 et
2370 2303 2551 2366 testi-

479 2408 605 2487 bus
638 2408 1058 2491 probaverit,
1102 2427 1207 2468 res
1234 2408 1385 2468 i11as
1410 2407 1546 2470 sihi
1576 2407 1829 2484 injuste
1866 2410 2013 2472 fore
2041 2410 2326 2489 ablatas,
2369 2416 2554 2471 tene-

481 2517 591 2571 tur
638 2511 704 2571 ei
759 2514 1046 2572 reddere
1101 2506 1355 2587 absque
1422 2510 1617 2571 omni
1673 2512 2000 2594 dampno
2083 2514 2166 2573 Et
2210 2515 2342 2574 hoc
2388 2510 2550 2573 ideo

475 2617 791 2671 statutum
838 2617 965 2688 est,
1030 2630 1116 2670 ne
1161 2628 1285 2691 per
1332 2608 1543 2671 unius
1600 2610 1923 2673 delictum
1972 2612 2205 2677 civitas
2256 2614 2552 2699 patiatur

479 2710 835 2773 infamiam
866 2719 933 2773 et
964 2712 1561 2775 detrimentum..

1348 2876 1524 2942 Artic.
1560 2878 1650 2951 39.

1288 2964 1385 3027 De'
1406 2971 1752 3051 proscriptae.-
1824 2979 1828 2981 ’

620 3072 693 3137 Si
735 3072 889 3157 quis
934 3074 1290 3160 burgensis
1333 3078 1624 3163 gratiam
1672 3080 1944 3145 domini
1971 3078 2324 3186 amiserit,
2371 3069 2554 3143 infra

484 3194 600 3239 sex
622 3178 1081 3239 hebdomadas
1118 3180 1319 3241 debet
1362 3181 1429 3243 ei
1473 3184 1968 3267 reconciliari,
1985 3172 2047 3247 si
2073 3194 2293 3248 tamen
2327 3185 2553 3248 domi-'

484 3298 613 3342 nus
650 3274 897 3340 fuerit
878 3294 953 3341 1-11
977 3280 1199 3363 patria
1219 3278 1385 3344 vel
1363 3305 1439 3344 ιιι
1477 3286 1678 3363 urbe3
1722 3295 1790 3348 et
1822 3285 1966 3351 illis
1991 3302 2110 3349 sex
2149 3283 2550 3371 septimanis

480 3400 768 3464 corpore
795 3388 859 3442 et
892 3384 1091 3445 rebus
1114 3404 1349 3467 pacem
1384 3384 1664 3450 habebit
1707 3388 1782 3451 in
1821 3389 2089 3453 civitate
2125 3398 2191 3453 et
2225 3398 2440 3471 extra,
2484 3380 2563 3451 et'

481 3487 568 3545 de
618 3482 939 3545 omnibus
1007 3488 1207 3549 rebus
1274 3487 1415 3551 suis
1466 3489 1745 3553 interim
1803 3492 2152 3575 disponet,
2211 3487 2548 3582 quicquid

478 3583 815 3679 uoluerit,
878 3595 1105 3669 preter
1151 3590 1468 3671 domum,
1525 3592 1600 3654 in
1647 3614 1780 3673 qua
1823 3594 2115 3679 habita-t,
2162 3612 2366 3675 quam
2402 3614 2549 3656 non

483 3685 650 3746 licet
692 3687 758 3748 ei
788 3690 1118 3770 vendere,
1162 3709 1285 3750 nee
1323 3692 1665 3776 obligare,
1708 3714 1919 3776 usque
1943 3696 2228 3781 gratiam
2275 3693 2550 3757 domini
2591 3754 2594 3759 .

486 3788 594 3849 sui
619 3797 979 3851 mereatum
1030 3782 1103 3852 Si
1126 3792 1347 3851 autem
1371 3790 1554 3853 infra
1577 3794 1843 3856 «dictum
1869 3798 2240 3861 terminum
2262 3796 2553 3887 gratiam

408 3975 412 3979 Δ
491 3889 762 3951 domini
797 3889 906 3955 sui
929 3911 1086 3974 ‘non
1123 3888 1478 3976 meruerit,
1519 3918 1646 3980 per
1685 3900 1967 3961 domum
2001 3911 2067 3963 et
2103 3900 2370 3982 omn—ia,
2415 3920 2576 3981 que·

489 3992 693 4065 hahet
726 3983 906 4051 infra
944 4012 1210 4074 muros,
1251 4003 1469 4077 potest
1491 3996 1676 4082 cogi,
1721 4007 1794 4060 ut
1813 4000 2098 4082 gratiam
2134 3998 2348 4088 ipsius
2385 4024 2551 4065 con-

487 2052 557 2077 ε,3

480 4093 743 4175 quirat.
788 4092 989 4173 Quod
1024 4093 1083 4154 si
1116 4114 1412 4159 amorem
1454 4098 1892 4161 domininon
1926 4104 2180 4184 poterit
2213 4105 2548 4189 obtinere,
2627 4100 2630 4103 ⁴
2714 4122 2724 4134 ·
